2722 3684
402 232 533 295 250
786 204 1946 284 ‘EXODUS.

400 326 503 396 suo,
539 336 666 402 quod
689 336 824 385 etiarn
848 337 911 385 est
933 338 978 386 in
1003 340 1128 397 falso,
1165 341 1214 388 δε
1239 356 1294 387 ex
1319 340 1404 388 hoc
1421 340 1742 389 vratiocinantur
1763 351 1917 387 contra
1941 354 2098 387 verum
2123 337 2172 386 &
2195 337 2373 389 bonum

403 403 530 460 fidei,
565 405 613 451 &
632 402 689 450 fic
708 404 971 467 persuadent
992 427 1005 460 ;
1040 418 1091 452 ut
1110 406 1252 453 solent
1269 406 1543 469 quandoque
1562 405 1758 452 haeretici
1779 405 1856 469 qui
1878 404 2184 469 conscientiofi
2203 405 2374 453 &inde

404 470 588 519 zelotes.
658 469 798 527 Quod
826 469 887 516 illi
911 471 1211 534 repraesentati
1234 470 1418 527 fuerint,
1451 472 1532 533 qui
1560 469 1784 531 *fugerent
1806 471 1861 516 ad
1884 472 2026 533 azyl'a‚
2065 468 2235 517 constat
2254 471 2375 534 apud

405 535 632 583 Moschen
682 542 714 564 “
739 536 1027 597 Opportunas
1064 535 1264 598 selegetis
1294 537 1442 593 urbeS,
1495 550 1604 600 quae
1637 536 1768 583 urbes
1808 535 1971 598 refugii
2013 537 2099 584 sint
2140 536 2285 591 vobis,
2322 549 2379 584 ut

404 599 554 662 fugiat
577 617 632 648 eo
657 599 901 655 homicida,
938 602 1187 663 percutiens
1209 603 1409 650 animam
1434 617 1514 665 per
1535 617 1733 650 errorem
1755 622 1770 656 3
1803 613 1853 649 ut
1872 602 1903 650 fi
1921 618 1976 650 ex
1994 603 2242 665 improviso
2264 601 2375 650 citra

406 666 716 720 inimicitiam,
770 666 1004 728 impulerit
1027 683 1156 723 eum,
1198 680 1278 714 aut
1303 665 1548 731 projecerit.
1565 667 1825 730 supereum
1849 667 2109 730 quodcunque
2130 668 2387 728 instrumen-¹

403 740 492 779 tum
512 731 600 778 fine
618 727 866 793 proposito,
891 741 969 780 aut
989 732 1073 778 ullo
1089 732 1228 794 lapide
1247 748 1322 796 quo
1341 736 1450 780 mori
1463 732 1595 794 pfft,
1616 733 1730 780 dum
1749 748 1839 779 non
1859 733 2003 789 videt,
2038 732 2140 780 adeo
2160 743 2211 779 ut
2231 733 2381 784 cadere

394 798 542 860 faciat
553 799 683 859 super
703 811 811 851 eum,
835 797 885 843 ὅτ
909 800 1117 845 moriatur
1137 820 1150 853 ;
1186 814 1290 846 cum
1319 813 1468 846 tamen
1490 799 1628 846 hostis
1646 797 1710 845 illi
1728 813 1819 844 non
1838 796 1987 854 fuerit,
2013 813 2093 844 nec
2115 798 2379 858 quaesiverit

404 863 583 909 malum
619 859 784 917 illius''
809 861 969 910 Num:
993 877 1150 912 xxxv:
1183 878 1255 912 12.
1285 879 1362 913 22.
1392 881 1450 927 23
1477 882 1486 911 :
1522 865 1572 911 &
1594 863 1714 926 apud
1742 862 1953 909 Eundem
1993 870 2026 893 “
2047 863 2158 910 Hoc
2178 863 2370 911 verbum

403 927 651 976 homicidae
674 926 753 991 qui
777 925 921 990 fugiet
943 944 997 976 eo
1020 943 1071 978 ut
1096 930 1236 986 vivat,
1270 945 1378 978 cum
1403 929 1660 993 percusserit
1683 928 1856 975 socium
1882 927 2010 977 suurn
2043 941 2208 992 praeter
2240 928 2377 976 scien·

403 993 532 1049 tiam,
567 1009 672 1042 cum
700 993 774 1039 ille
797 1008 887 1040 non
911 993 1012 1042 osor
1034 993 1128 1058 ejus
1152 996 1245 1042 heri
1271 996 1320 1043 &
1345 995 1508 1043 nudius
1543 996 1730 1048 tertius-‚3
1764 1009 1857 1042 cum
1875 995 2042 1042 venerit
2064 1010 2157 1042 cum
2169 996 2284 1056 socio
2299 998 2379 1057 suo

401 1061 448 1106 in
457 1059 629 1122 sylvam
652 1058 710 1106 ad
731 1057 965 1108 caedendum
997 1060 1134 1124 legno,
1180 1060 1253 1108 sed
1279 1062 1390 1109 dum
1418 1061 1610 1124 impulsa
1646 1059 1782 1106 fuerit
1813 1075 1972 1108 manus
1997 1058 2087 1123 ejus
2111 1075 2204 1107 cum
2218 1062 2377 1122 securi,

400 1124 456 1172 ad
481 1124 713 1173 caedendum
742 1124 916 1185 lignum,
954 1127 1157 1189 excuſjum
1181 1127 1325 1189 fuerit
1350 1127 1527 1190 ferrum
1551 1143 1579 1173 a
1602 1125 1728 1187 ltgno,
1763 1124 1811 1171 &
1834 1126 2057 1172 invenerit
2082 1125 2253 1173 socium
2280 1126 2374 1189 ejus

400 1202 451 1239 ut
469 1191 711 1238 moriatur:
749 1190 822 1237 hic
841 1189 982 1253 fugiet
999 1194 1052 1238 ad
1074 1208 1208 1239 unam
1229 1192 1414 1239 urbium
1434 1192 1612 1247 harum,
1637 1202 1690 1237 ut
1707 1191 1833 1237 vivat
1850 1189 1882 1209 '¹
1906 1190 2060 1239 Deut:
2086 1206 2174 1239 x1x
2193 1208 2203 1237 τ
2228 1208 2275 1251 4.
2307 1208 2334 1252 5
2359 1214 2374 1247 ς

401 1256 665 1304 describitur
688 1256 761 1304 hic
787 1256 921 1304 status
944 1257 1161 1321 inculpati
1185 1258 1233 1305 ὅτ
1257 1258 1427 1304 exemti
1449 1272 1600 1322 paena,
1634 1255 1716 1319 qui
1753 1255 1952 1319 aliquem
1994 1271 2074 1320 per
2117 1255 2221 1304 falsa
2262 1258 2370 1305 fidei

401 1316 511 1387 quae3
549 1322 798 1370 crediderat
833 1338 956 1379 vera,
992 1334 1067 1371 aut
1098 1338 1178 1387 per
1209 1321 1448 1370 scientifica
1471 1338 1529 1369 ex
1552 1320 1734 1369 fallaciis
1773 1320 1992 1377 sensuum,
2028 1321 2206 1378 laeserit‚
2241 1324 2291 1371 δε
2315 1324 2374 1371 fic

401 1390 625 1436 damnum
659 1387 857 1437 intulerit
881 1388 988 1436 vitae
1007 1387 1099 1451 ejus
1123 1388 1311 1436 internae
1344 1386 1419 1435 seu
1453 1386 1665 1451 spirituali
1689 1403 1700 1433 :
1735 1397 1786 1433 ut
1811 1384 1856 1433 id
1883 1387 2178 1448 significetur,
2207 1387 2370 1437 descri-

400 1452 522 1502 bitur
544 1468 664 1502 error
680 1453 753 1501 ille
771 1454 844 1503 seu
860 1452 976 1501 casus
994 1469 1074 1517 per
1091 1453 1441 1502 instrumentum
1464 1453 1790 1518 quodcunque,
1826 1452 1876 1499 δε
1900 1467 1980 1516 per
2002 1452 2202 1516 lapidem
2227 1469 2368 1518 quem

397 1518 563 1567 cadere!
580 1517 734 1567 fecerit
752 1518 882 1584 super
904 1518 1093 1577 socium,
1129 1533 1179 1568 ut
1204 1520 1434 1576 moriatur,
1468 1532 1519 1567 ut
1541 1519 1591 1567 δε
1616 1533 1691 1582 per
1716 1517 1900 1564 securim
1921 1516 1997 1564 seu
2020 1517 2189 1566 ferrum
2213 1520 2373 1574 cadens

397 1599 424 1631 e
446 1584 574 1647 ligno
597 1584 693 1642 suo,
728 1600 836 1633 curn
860 1585 998 1633 ambo
1019 1585 1243 1633 caederent
1267 1586 1389 1648 ligna
1412 1585 1463 1632 irr
1481 1584 1635 1648 sylva:
1670 1583 1799 1631 causa
1820 1583 1946 1646 quod
1973 1598 2052 1646 per
2076 1584 2177 1631 talia
2201 1584 2366 1633 descri-

399 1649 547 1706 batur,
584 1649 656 1698 est.
680 1652 788 1715 quia
820 1650 1165 1699 instrumentum
1200 1651 1422 1713 fignificat
1450 1648 1759 1706 scientificum,
1795 1648 1909 1713 lapis
1933 1664 2090 1698 verum
2115 1650 2221 1698 fidei
2245 1651 2296 1699 &
2321 1651 2369 1699 in

397 1716 625 1778 opposito
649 1716 773 1764 lensu
812 1715 992 1773 falsum,
1044 1715 1247 1764 similiter
1282 1716 1450 1764 ferrum
1492 1715 1666 1772 securis,
1714 1715 1762 1762 ὅτ.
1785 1715 1945 1775 cedere
1980 1714 2105 1778 ligna
2144 1717 2368 1778 fignificat

397 1780 751 1844 disputationem
769 1781 825 1831 de
838 1782 962 1830 bono
977 1798 1034 1830 ex
1052 1782 1293 1845 religioso:
1330 1782 1515 1846 quisque
1538 1779 1684 1845 potest
1707 1780 1880 1838 videre,
1916 1782 2041 1845 quod
2061 1780 2366 1830 homicidium

397 1845 566 1895 factum
608 1863 686 1911 per
718 1863 1048 1896 errorem-non
1086 1848 1252 1911 absque
1284 1847 1408 1897 causa
1441 1863 1596 1895 arcana
1617 1845 1892 1910 descriptum
1918 1846 2067 1893 fuiffet
2091 1861 2170 1909 per
2193 1846 2364 1897 ferrum

396 1911 556 1960 securis
594 1913 754 1960 cadens
792 1929 850 1961 ex
890 1913 970 1961 suo
1009 1912 1137 1976 ligno
1163 1913 1207 1960 in
1232 1912 1374 1976 sylva,
1426 1913 1642 1977 quoniam
1667 1911 1765 1958 talis
1786 1927 1908 1958 error
1930 1927 2027 1959 raro
2051 1913 2101 1960 &
2124 1912 2205 1960 vix
2227 1911 2365 1962 semel

396 1976 512 2026 intra
550 1979 700 2042 plures
733 1978 870 2027 annos
902 1977 1099 2028 accidere
1125 1978 1266 2034 solet3
1307 1978 1382 2027 sed
1403 1978 1532 2040 quod
1554 1992 1675 2026 error
1699 1977 1773 2026 ille
1795 1991 1876 2041 per
1900 1977 2002 2025 talia
2023 1977 2269 2041 descriptus
2294 1979 2365 2036 fit,

394 2043 460 2091 est
485 2057 668 2107 propter
692 2043 863 2093 sensum
885 2043 1133 2101 internum,
1167 2045 1213 2093 in
1237 2060 1334 2109 quo
1355 2043 1617 2093 describitur
1654 2042 1879 2091 damnum
1903 2042 2071 2091 animae
2091 2043 2150 2101 ab
2172 2043 2262 2092 alio
2286 2059 2367 2108 per

394 2107 501 2157 falsa
519 2110 646 2168 fidei,
681 2125 789 2174 quae
811 2126 868 2158 ex
892 2110 1104 2172 religioso
1126 2109 1208 2158 suo
1229 2109 1478 2159 crediderat
1495 2110 1582 2157 effe
1605 2124 1726 2166 vera,
1761 2108 1961 2171 namqui
1986 2109 2208 2156 damnum
2233 2110 2366 2159 infert

394 2190 476 2241 per
498 2174 615 2232 falsa,
651 2191 758 2240 quae
781 2175 923 2223 credit
945 2191 1068 2233 vera,
1110 2191 1201 2224 non
1226 2191 1282 2223 ex
1306 2176 1537 2240 propofito
1561 2175 1633 2223 seu
1658 2190 1713 2221 ex
1736 2172 1924 2223 meliore
1947 2175 2215 2223 conscientia
2230 2172 2366 2238 “dam-

393 2256 508 2289 num
545 2240 666 2298 facit,
701 2240 810 2305 quia
843 2257 899 2289 ex
935 2241 1026 2289 fide
1065 2241 1131 2288 sui
1170 2241 1368 2307 religiosi
1391 2242 1440 2289 δε
1467 2240 1569 2288 inde
1593 2239 1737 2288 Zelo:
1790 2240 1887 2288 haec
1910 2252 1959 2288 ut
1983 2240 2026 2298 in
2049 2239 2168 2300 sensu
2190 2241 2364 2302 interno

392 2305 752 2368 fignificarentur
774 2323 853 2371 per
876 2307 976 2354 illos
999 2306 1079 2371 qui
1103 2307 1317 2356 occidunt
1350 2308 1489 2355 socios
1521 2321 1603 2370 per
1639 2320 1856 2366 errorem,
1910 2305 2130 2369 descripta·
2154 2305 2272 2363 sunt,
2307 2319 2362 2354 ut

392 2372 591 2429 distum,
642 2388 722 2436 per
750 2372 968 2437 lapidem,
1023 2387 1104 2436 per
1140 2373 1311 2427 caedere
1348 2372 1528 2436 lignum
1563 2370 1794 2433 insylva,v
1829 2372 1878 2419 ὅτ
1901 2387 1980 2434 per
2004 2370 2175 2418 ferrum
2200 2371 2363 2421 securis

391 2448 501 2486 tunc
522 2436 682 2486 ca'dens
698 2454 723 2485 e
738 2438 867 2501 *ligno
885 2438 932 2486 in
950 2437 1119 2486 socium
1141 2459 1155 2494 ;
1191 2454 1296 2487 nam
1316 2438 1457 2502 Lapis
1475 2437 1537 2485 est
1557 2436 1850 2501 verum'fidei
1873 2437 1918 2484 in
1942 2437 2131 2496 naturali
2156 2437 2363 2496 homine,

391 2503 441 2551 &
468 2504 511 2550 in
535 2504 747 2568 oppofito
771 2505 894 2552 sensu
918 2503 981 2551 est
1006 2501 1205 2563 falsum,
1238 2503 1664 2566 videatur-‘n'z'6435
1697 2498 1837 2567 1'2'98.
1865 2511 2008 2566 3720.
2035 2503 2185 2564 6426,
2213 2504 2356 2566 8609.

397 2571 519 2630 8941
542 2591 556 2624 ·,
613 2569 814 2617 similiter
850 2569 1037 2626 ferrum,
1092 2586 1120 2617 n
1142 2587 1154 2619 ε
1179 2586 1290 2632 425.
1312 2570 1445 2628 4263
1489 2567 1654 2617 ferrum
1680 2567 1845 2615 securis*
1866 2568 2026 2615 cadens
2051 2577 2107 2615 ex'
2131 2568 2211 2616 suo
2234 2569 2364 2632 ligno

394 2632 458 2681 est
479 2650 634 2684 verum
655 2627 900 2698 separatum
919 2651 974 2683 ex
992 2636 1133 2693 bono,
1169 2637 1352 2698 lignum
1371 2635 1492 2683 enim
1513 2633 1577 2681 est
1600 2634 1796 2689 bonum,
1832 2650 1859 2680 n
1882 2651 1892 2680 ε
1919 2634 2031 2697 643».
2054 2637 2112 2682 28
2127 2650 2196 2684 12.
2218 2642 2362 2699 3720ss

398 2702 560 2761 83543
594 2701 765 2755 caedere
804 2701 997 2763 lignum,
1033 2700 1095 2747 est
1135 2699 1556 2764 meritum'ponere
1595 2700 1641 2746 in
1680 2698 1907 2762 operibuS,
1942 2716 2003 2746 n:
2036 2715 2172 2747 1110.
2213 2716 2360 2762 4943.

397 2769 526 2830 8740
547 2786 561 2819 ;
597 2765 770 2816 caedere
793 2779 946 2814 autem
970 2767 1091 2829 ligna
1115 2766 1159 2814 in
1183 2766 1325 2829 sylva,
1361 2767 1498 2814 est'ea
1522 2766 1570 2812 ὅτ
1594 2765 1753 2812 similia
1770 2765 1998 2821 ventilare,
2033 2765 2149 2812 ut&
2172 2765 2216 2811 in
2236 2779 2364 2828 quae·

393 2829 590 2877 stionem
612 2832 807 2886 mittere,
864 2849 969 2881 nam
989 2832 1109 2894 sylva
1133 2831 1195 2879 est
1219 2832 1497 2893 religiosum.
1584 2826 1715 2878 Talia
1736 2845 1817 2893 per
1836 2831 2009 2879 caedere
2029 2831 2150 2892 ligna
2169 2828 2213 2875 in
2238 2830 2360 2894 sylva

394 2894 633 2952 securibuS,
657 2895 965 2956 significantur
981 2898 1101 2960 apud
1126 2898 1372 2958 Jeremiam
1397 2905 1434 2928 “
1454 2896 1726 2947 Mercenarii
1746 2896 1940 2959 AEgypti
1960 2911 2017 2943 ex
2034 2895 2193 2958 robore
2214 2894 2359 2951 ibunt,

394 2959 451 3014 &³
475 2976 566 3008 cum
578 2962 794 3025 securibus
820 2966 991 3012 venient
1011 2963 1093 3021 illi,
1118 2964 1235 3024 ficut
1257 2965 1453 3025 excisores
1475 2965 1702 3026 lzgnorum‚
1736 2962 1922 3010 excident
1930 2961 2099 3024 sylvam
2123 2961 2228 3024 ejus,
2268 2960 2363 3006 dic·

392 3037 492 3075 tum
532 3028 773 3088 Jehovae’'
809 3044 921 3075 XLV1
947 3046 956 3074 ε
986 3045 1061 3077 22.
1090 3046 1148 3092 23
1173 3051 1187 3083 ;
1228 3029 1300 3076 hic
1322 3029 1527 3076 excidere
1552 3028 1675 3091 ligna
1700 3028 1745 3074 in
1772 3026 1892 3090 sylva
1915 3041 1997 3089 pro
2019 3040 2148 3087 agere
2173 3040 2230 3071 ex
2256 3025 2359 3072 reli.-

394 3091 522 3149 gioso
546 3092 673 3149 falso,
711 3093 760 3145 &
780 3091 1001 3140 destruere
1021 3095 1123 3141 talia
1141 3111 1248 3157 quae
1267 3094 1481 3142 Ecclesiae
1499 3093 1598 3141 sunt
1618 3115 1631 3148 ;
1667 3093 1860 3140 Ecclefia
1878 3092 2001 3138 enim
2021 3102 2202 3136 vocatur
2220 3090 2358 3152 sylva,

392 3154 550 3209 hortus
574 3158 620 3209 &
647 3157 887 3222 paradisus,
924 3159 1048 3222 sylva
1071 3175 1129 3208 ex
1154 3159 1347 3218 scientia,
1382 3160 1535 3210 hortus
1557 3174 1612 3207 ex
1634 3156 1948 3223 intelligentia,
1967 3157 2033 3221 f&
2056 3155 2359 3270 ρειΞόᾗῑυεςκ

1276 3231 1279 3234 ’
1942 3229 1949 3234 ’
2161 3234 2359 3286 pientia„
