2722 3684
364 151 523 238 5318
749 143 838 209 E*
950 142 1033 210 Χ
1165 143 1218 206 O
1283 199 1286 203 .
1363 146 1443 210 D
1561 143 1705 210 Ua
1781 145 1845 210 S.

395 277 532 325 etiam
553 272 730 320 bonurn
755 268 886 319 habet
901 266 1101 317 formam
1124 269 1183 316 ab
1206 268 1323 326 illis,
1348 284 1462 317 nam-
1477 269 1557 318 ubi
1575 268 1720 318 torma
1739 271 1802 317 ibi
1827 268 1889 316 est
1912 268 2060 334 quale,
2095 271 2147 319 δε
2172 268 2246 317 ubi
2270 273 2366 317 >non

371 345 374 359 ²
399 343 563 394 forma,
598 338 662 384 ibi
686 351 764 384 nec
785 335 934 400 quale,
970 333 1012 382 se
1032 335 1164 382 habet
1189 334 1651 393 hoc·etiarnfimiliter
1676 336 1785 384 ficut
1818 334 1997 398 spiritus
2022 335 2070 382 &
2107 332 2282 398 sangui&
2317 336 2363 381 in

402 408 520 453 vivo
542 404 757 456 animali·,
790 400 969 464 spiritus
1003 414 1082 463 per
1117 400 1248 447 fibras
1285 400 1447 465 accipit
1483 401 1879 450 determinationes
1899 401 2010 459 suaS,
2047 402 2107 448 ita
2146 400 2363 454 formam,

403 470 565 536 pariter
587 466 763 531 sanguis
788 482 866 529 per
886 463 1000 513 vasa.
1042 493 1047 497 -
1068 464 1179 511 Inde
1202 475 1325 527 patet
1353 465 1479 527 quod
1503 480 1662 512 verum
1686 464 1848 527 absque
1871 466 1993 513 bono
2018 482 2107 514 non
2134 463 2270 512 vitam
2291 464 2368 510 ha-

405 539 527 592 beat,
563 536 612 582 &
634 533 755 597 quod
781 533 954 579 bonum
977 528 1140 592 absque
1163 544 1272 576 vero
1297 544 1386 576 non
1409 530 1564 593 quale„
1589 531 1906 595 consequenter
1924 532 2047 595 quod
2073 532 2185 579 fides
2208 529 2371 593 absque

374 628 379 630 ⁴
407 601 619 651 charitate
641 614 730 646 non
752 596 803 644 sit
822 596 931 643 fides
955 595 1057 641 viva
1077 615 1091 649 3
1129 611 1207 658 per
1228 594 1378 642 fidem
1404 596 1475 642 hic
1501 594 1767 659 intelligitur
1784 596 1894 644 fides
1911 599 2021 652 veri,
2056 598 2105 644 ὅτ
2129 611 2207 660 per
2230 596 2374 641 chari-

409 680 550 717 tatem
575 666 668 711 vita
691 663 813 710 boni.
862 676 871 691 ⁵
883 661 958 707 Ex
983 661 1051 707 his
1081 660 1278 721 constare
1300 661 1467 723 potest,
1497 662 1735 723 quomodo
1761 662 2106 724 intelligendum
2144 663 2211 716 sit,
2249 659 2373 724 quod

410 749 516 782 vera
547 733 595 778 &
620 727 857 776 scientifica
873 726 1018 773 ablata
1042 725 1310 789 inquirenda
1329 724 1410 773 sint
1429 741 1484 773 ex
1510 727 1631 774 bono
1651 747 1665 781 ;
1700 742 1866 790 nempe
1885 742 1991 774 cum
2016 728 2159 775 homo
2183 727 2229 772 in
2248 726 2371 772 bono

381 798 493 854 ¹-est‚
529 797 616 843 hoc
651 793 733 850 est,
771 792 816 839 in
849 790 1088 840 affectione
1117 792 1290 839 bonum
1326 790 1537 848 faciendi,
1572 792 1697 855 quod
1723 804 1830 839 tunc
1854 791 2006 841 veniat
2028 791 2074 838 in
2110 791 2376 838 recordatio-

410 878 516 911 nem
541 860 755 909 omniurn
774 870 1003 914 verorum,
1039 871 1143 920 quae
1183 858 1455 904 intraverunt
1490 858 1669 904 bonum
1692 877 1707 911 ς
1758 868 1805 904 at
1825 872 1932 904 cum
1955 871 1980 903 e
2004 856 2126 905 bono
2149 854 2370 912 deflectit,

382 946 389 963 ‘-
412 929 542 993 quod
565 939 671 973 tunc
697 923 974 987 disparentur
997 938 1117 978 vera,
1153 938 1259 970 narn
1285 921 1439 970 falsum
1467 922 1574 969 mali
1594 922 1656 969 est
1678 924 1806 986 quod
1826 923 1901 970 illa
1925 921 2032 969 ficut
2055 921 2179 969 furto
2201 921 2344 968 aufert
2365 941 2380 974 ;

413 994 486 1042 sed
506 991 726 1055 disparata
751 1003 860 1036 vera:
883 988 1029 1036 rursus
1062 988 1106 1035 in
1142 987 1492 1035 recordationem
1519 990 1707 1036 veniunt
1728 1003 1835 1035 cum
1859 988 2002 1036 homo
2027 988 2071 1033 in
2090 985 2218 1033 affe&
2242 1001 2377 1033 onem

389 1086 392 1089 ·
414 1059 524 1107 boni
558 1068 638 1104 aut
670 1053 765 1103 veri
803 1069 884 1117 per
916 1055 1059 1100 vitam
1099 1053 1229 1101 redit.
1301 1053 1445 1115 Qud
1464 1101 1466 1103 ,
1485 1054 1546 1100 ita
1585 1052 1655 1109 s1t,
1701 1054 1893 1117 quisque
1929 1054 2010 1116 qui
2044 1052 2247 1107 reflectit,
2300 1066 2380 1114 per

383 1121 753 1188 *experientiam
775 1122 821 1167 in
857 1121 910 1167 se·
933 1121 983 1167 ὅτ
1017 1119 1134 1182 apud
1170 1118 1280 1166 alios
1315 1118 1420 1166 scire
1456 1117 1613 1181 potest.
1683 1119 1793 1166 Inde
1814 1131 1954 1182 patet,
2003 1118 2112 1182 quid
2149 1115 2199 1164 sit
2235 1115 2387 1182 inqui--

415 1205 508 1238 rere
534 1188 712 1236 vera&
736 1185 975 1233 scientifica
998 1200 1021 1230 e
1049 1183 1265 1231 memoria
1290 1183 1361 1230 seu
1385 1200 1408 1231 e
1434 1195 1587 1232 mente
1612 1184 1810 1232 hominis
1831 1184 1970 1231 ablata
1993 1200 2051 1230 ex
2079 1185 2217 1229 bono.

486 1268 634 1319 9¹55·
655 1253 843 1299 ‘Annon
865 1249 1032 1298 miserit
1056 1265 1241 1296 manum
1264 1249 1384 1296 suam
1411 1248 1455 1294 in
1473 1262 1588 1311 opus
1621 1248 1722 1296 socii
1762 1250 1841 1306 sui,
1876 1248 1999 1311 quod
2024 1243 2242 1311 significet
2265 1261 2378 1294 num

391 1318 398 1357 ἒ
418 1322 465 1368 in
490 1319 602 1367 illud
624 1317 868 1372 intraverit,
902 1314 1073 1362 constat
1095 1329 1151 1361 ex
1172 1313 1491 1375 significatione
1509 1329 1654 1361 annon
1679 1313 1846 1363 miserit
1866 1330 2051 1361 manum
2075 1314 2215 1369 suam,
2250 1312 2379 1375 quod

420 1387 474 1434 fit
493 1400 603 1432 num
620 1385 796 1431 bonum
817 1380 880 1427 sui
903 1379 1008 1442 juris
1025 1395 1080 1426 ac.
1098 1380 1318 1443 potentiae
1338 1378 1487 1425 fecerit
1506 1401 1520 1435 ;
1555 1380 1605 1427 δε
1626 1394 1684 1425 ex
1710 1379 2029 1441 significatione
2054 1380 2100 1426 in
2124 1393 2235 1441 opus
2254 1375 2378 1434 socii,

391 1476 393 1478 *
417 1450 546 1515 quod
565 1449 794 1496 fitverum
814 1461 863 1493 ac
887 1445 1195 1501 scientificum,
1231 1460 1337 1508 qua:
1350 1444 1492 1492 ablata
1513 1464 1527 1498 ς
1563 1458 1800 1506 argentum
1825 1446 1947 1493 enim
1976 1444 2142 1492 &vasa
2159 1443 2214 1489 ad
2238 1441 2380 1490 custo-

390 1540 395 1549 =
418 1513 638 1565 diendurn
654 1513 773 1568 data,
799 1512 848 1559 &
871 1508 992 1559 furto
1014 1510 1176 1567 ablata,
1201 1509 1431 1574 suntquae
1448 1523 1670 1559 vocantur
1688 1525 1805 1574 opus¹
1826 1510 1962 1565 socii}
1978 1510 2113 1575 -quod
2138 1521 2379 1571 argentum
2413 1505 2418 1509 ’

392 1582 471 1630 ⁹&
496 1577 592 1627 vasa
610 1579 695 1627 fint
711 1592 814 1624 vera
837 1576 884 1623 &
906 1576 1158 1632 scientifica,
1192 1575 1396 1625 videatur
1419 1574 1546 1638 supra
1563 1592 1592 1624 n
1611 1592 1622 1623 ε
1639 1581 1776 1639 ’9149
1800 1596 1815 1630 3
1842 1576 1956 1641 xinde
1979 1588 2120 1640 patet,
2155 1566 2280 1640 quod
2303 1590 2383 1639 per

388 1662 394 1682 ‘-
414 1660 564 1694 annon
587 1643 802 1692 dominus
824 1642 988 1690 domus
1001 1640 1167 1689 miserit
1190 1657 1376 1688 manum
1397 1641 1517 1688 suam
1542 1642 1587 1688 in
1608 1657 1723 1704 opus
1740 1640 1863 1698 socii,
1883 1641 2155 1704 significetur
2173 1657 2288 1704 num
2303 1643 2385 1690 bo-

398 1740 401 1742 ,
420 1727 530 1759 num
555 1706 750 1772 suijuris
771 1723 825 1755 ac
847 1708 1066 1771 potentiae
1090 1706 1241 1754 fecerit
1255 1722 1360 1754 vera
1377 1706 1426 1754 δι
1445 1705 1699 1763 scientifica,
1733 1703 1838 1771 quie
1854 1708 2000 1755 ablata
2023 1709 2120 1755 sunt
2141 1728 2155 1762 ·‚
2189 1708 2381 1756 itanum

398 1792 403 1811 ³
421 1778 520 1825 haec
537 1774 798 1822 intrav-erint
815 1777 938 1836 prius
955 1774 1000 1820 in
1019 1773 1210 1829 bonum,
1233 1771 1475 1819 secundum
1496 1771 1567 1821 illa
1582 1787 1690 1836 quae
1705 1787 1824 1821 nunc
1841 1771 1968 1837 supra
1986 1789 2039 1820 n:
2066 1790 2094 1837 9
2108 1789 2196 1834 ¹54
2214 1773 2381 1820 ostensa

422 1843 558 1896 sunt·,
589 1840 717 1903 quod
743 1854 901 1886 manus
925 1839 978 1886 fit
1002 1838 1220 1901 potentia,
1256 1837 1459 1885 videatur
1482 1853 1539 1884 n:
1567 1841 1675 1902 878.
1694 1841 1978 1903 3387·493¹
1997 1839 2053 1886 ad
2067 1852 2213 1901 4937.
2234 1839 2379 1900 5296.

402 1908 567 1970 6292.
597 1908 739 1968 7188.
769 1908 914 1968 7189.
940 1906 1085 1965 7518.
1113 1905 1256 1966 7673.
1284 1907 1429 1966 8153,
1468 1902 1592 1966 quod
1632 1903 1677 1950 in
1713 1919 1863 1961 manu,
1897 1903 1968 1961 fit,
2001 1906 2128 1968 quod
2162 1898 2225 1951 est
2258 1904 2381 1966 apud

423 1973 625 2034 aliquem
649 1972 698 2019 δε
722 1971 765 2017 in
790 1971 959 2034 aliquo,
996 1985 1025 2015 n
1047 1985 1056 2014 :
1090 1985 1236 2031 9133.
1472 2030 1474 2033 r
1653 2011 1655 2015 Α
1930 2024 1932 2026 q
2086 2014 2091 2019 ,
2181 2004 2183 2007 ⁴

493 2056 520 2100 9
534 2055 549 2085 ι
560 2037 637 2098 56.
674 2037 818 2099 Super
831 2035 956 2083 omni
976 2035 1116 2082 verbo
1135 2032 1524 2097 praevaricationiS,
1559 2033 1685 2099 quod
1705 2034 2242 2099 fignificet'quodcunque
2256 2033 2384 2099 dam-

404 2129 407 2131 >
426 2118 538 2150 num
557 2117 607 2150 ac
631 2116 947 2166 quamcunque
963 2098 1202 2162 jacturam,
1236 2099 1480 2155 constatssex
1504 2100 1827 2162 significatione
1843 2100 2236 2163 praevaricationis,
2252 2100 2381 2164 quod

408 2169 479 2215 *fit
496 2176 633 2215 omne
654 2166 782 2231 quod
805 2179 957 2212 contra
973 2173 1131 2212 verum
1154 2165 1280 2221 fidei,
1306 2166 1364 2212 ita
1388 2165 1510 2229 quod
1530 2165 1657 2213 laedit
1679 2178 1757 2214 aut
1770 2165 2016 2229 exstinguit
2039 2165 2172 2222 illud,
2193 2165 2383 2229 proinde

427 2233 734 2296 quodcunque
766 2231 987 2280 damnum
1021 2232 1070 2277 δε
1104 2246 1425 2293 quamcunque
1442 2230 1662 2291 jaCturam
1696 2229 1805 2293 ejus,
1873 2232 1926 2283 In
1951 2231 2100 2279 Verbo
2121 2231 2239 2278 mala
2262 2245 2383 2277 nunc

426 2309 644 2345 vocantur
665 2308 856 2360 peccata,
891 2310 1011 2343 nunc
1032 2295 1303 2358 iniquitates,
1338 2298 1518 2343 &nunc
1541 2298 1940 2360 praevaricationeS,
1976 2296 2049 2344 sed
2071 2295 2181 2359 quid
2218 2295 2262 2342 in
2284 2295 2384 2358 spe-

425 2364 496 2410 cie
521 2378 602 2426 per
623 2362 698 2409 has
719 2363 770 2410 ὅτ
792 2377 870 2424 per
895 2361 972 2408 illa
991 2359 1271 2423 intelligitur,
1307 2376 1399 2407 non
1422 2373 1548 2423 patet
1571 2360 1650 2412 nisi
1684 2377 1740 2408 ex
1766 2361 1898 2410 sensuv
1914 2364 2125 2416 interno·,
2165 2363 2384 2422 proevari·

426 2431 604 2476 cationes
625 2427 834 2475 dicuntur
856 2442 966 2490 quae
985 2426 1097 2473 fiunt
1119 2439 1271 2472 contra
1295 2441 1395 2473 vera
1410 2427 1536 2484 fidei,
1572 2428 1808 2489 iniquitates
1829 2444 1937 2491 quae
1957 2427 2072 2475 fiunt
2093 2440 2247 2475 contra
2271 2425 2386 2475 bona

427 2494 553 2549 fidei,
581 2502 755 2555 peccata
789 2506 895 2555 quoe
915 2493 1032 2539 fiunt
1052 2503 1204 2538 eontra
1227 2493 1345 2538 bona
1367 2491 1658 2541 charitatis&
1689 2494 1884 2548 amoris3
1919 2493 2066 2555 priora
2090 2492 2387 2554 binaxegredi-

427 2570 563 2607 untur
584 2574 642 2605 ex
665 2557 868 2621 perverso
887 2557 1138 2612 intellectu,
1175 2557 1446 2605 haecautem
1471 2572 1528 2605 ex
1558 2572 1694 2620 prava
1729 2558 1956 2607 voluntate
1976 2579 1997 2614 ς
2026 2569 2078 2606 ut
2097 2557 2216 2621 apud
2243 2555 2383 2605 Davi-

427 2623 536 2669 dem
572 2631 603 2652 “
621 2624 747 2670 Lava
773 2638 844 2670 me
866 2622 918 2670 ab
939 2624 1160 2685 iniquitate
1177 2639 1285 2679 mea,
1320 2623 1369 2669 δε
1392 2639 1421 2670 a
1437 2632 1606 2684 peccato
1626 2639 1714 2672 meo
1729 2622 1883 2671 munda
1906 2641 1967 2672 me
1990 2644 2005 2678 ς
2038 2639 2143 2670 nam
2164 2625 2383 2685 praevari-

406 2690 607 2736 -cationes
625 2704 737 2735 meas
760 2690 940 2749 agnosio,
977 2689 1026 2735 &
1056 2698 1269 2749 peccatum
1289 2703 1422 2740 meum
1451 2703 1602 2736 coram
1621 2701 1667 2736 te
1679 2686 1848 2751 jugiter
1866 2689 1898 2707 ’'
1935 2689 2081 2739 Psaln:
2103 2706 2112 2735 :
2139 2705 2214 2736 m:
2239 2703 2284 2745 4.
2310 2701 2339 2749 5
2360 2708 2375 2741 ;

432 2754 644 2817 iniquitas
667 2768 751 2815 pro
788 2753 908 2799 malo
931 2765 1083 2800 contra
1118 2753 1235 2801 bona
1264 2753 1387 2808 fidei,
1423 2766 1665 2815 peccatum.
1675 2769 1758 2815 pro
1791 2755 1912 2805 malo
1933 2767 2084 2809 contra
2106 2755 2221 2815 bona
2243 2752 2383 2801 chari·
2412 2777 2417 2780 >

429 2819 534 2866 tatis
551 2818 601 2866 &
623 2819 803 2875 amoris,
839 2818 889 2865 &
908 2818 1216 2880 praevaricatio
1239 2833 1322 2880 pro
1347 2819 1465 2865 malo
1487 2831 1639 2867 contra
1662 2821 1888 2873 verafidei
1909 2842 1922 2875 3
1952 2822 2058 2875 'haec
2071 2816 2263 2882 quiaest
2277 2832 2381 2867 ma-

343 2935 350 2943 ,
431 2884 528 2932 lum
553 2882 784 2946 egrediens
806 2898 861 2930 ex
886 2884 1091 2946 perverso
1115 2883 1370 2940 intellectu,
1422 2883 1472 2932 δε.
1502 2885 1561 2932 fic
1582 2900 1641 2934 ex
1675 2885 1788 2935 veris
1809 2886 1926 2938 fideif
1947 2885 2242 2947 cognoscitur,
2277 2882 2381 2930 ideo

426 2940 627 3006 dicitur,¹
643 2948 1024 3012 praevaricationes
1048 2964 1169 3006 meas
1185 2949 1390 3010 agnosco.
1461 2949 1849 3013 ApudEundem
1895 2959 1927 2982 “
1948 2952 2189 2999 Memento
2210 2947 2381 2995 miseri-

427 3014 691 3063 cordiarum
705 3025 884 3060 tuarum
918 3013 1141 3072 Jehoxrah,
1191 3015 1242 3062 &
1282 3014 1627 3064 miserationum
1651 3028 1867 3070 tuarum,
1881 3018 2146 3077 peccatorum
2186 3015 2382 3076 pueritiae

403 3093 542 3138 wne,
577 3081 635 3131 &·
664 3080 1067 3144 pravaricationum
1103 3095 1292 3130 mearum
1331 3096 1387 3130 ne
1426 3081 1685 3133 memineris
1710 3081 1745 3149 2}
1801 3080 1986 3132 Plalm‘:
2023 3095 2120 3136 xxv
2144 3097 2154 3126 ε
2206 3081 2250 3126 6.
2302 3094 2326 3140 7
2363 3075 2383 3132 ;⁴

2210 3155 2378 3208 pecata
