2722 3684
660 254 671 263 ἱ
688 168 988 233 CAPUT
1029 167 1523 232 VIGESIMUM
1572 166 2006 233 TERTIUM.
2221 194 2352 262 443

360 293 509 358 Ipsius
525 291 840 353 baeneditaebunt
857 307 967 347 eam,
1001 291 1051 339 δε
1067 302 1268 339 amantes
1291 291 1482 340 Nomen
1508 291 1652 355 Ipsius
1676 293 1942 341 habitabunt
1967 294 2010 341 in
2036 309 2085 341 ea
2103 293 2135 317 ’⁹
2172 294 2356 347 Psalm:

359 376 524 417 ,thx'z
550 357 833 424 '36.„‚237,2ibi
874 357 1094 421 poffidere
1119 358 1405 407 haereditario
1428 359 1700 422 praedicatur
1721 359 1777 408 de
1800 358 1885 406 illis
1918 362 2000 424 qui
2037 361 2080 408 in
2114 362 2239 425 bono
2255 377 2354 415 coe-

362 425 613 486 ,lssstjsunts
638 426 696 482 3&
732 424 998 482 haereditare
1031 422 1088 469 de
1125 422 1212 471 illis
1242 424 1324 488 qui
1355 424 1400 470 in
1434 426 1555 472 bono
1580 422 1837 488 spirituali3
1877 426 2051 474 bonum
2075 427 2257 475 coeleste
2282 427 2349 483 est

367 493 543 539 bonum
570 490 737 547 amoris
759 490 808 544 in
832 489 1110 544 Dominum,
1144 489 1195 536 &
1215 487 1404 537 'bonum
1441 490 1667 554 spirituale
1689 491 1754 538 est
1777 493 1952 539 bonum
1986 493 2210 540 charitatis
2244 508 2350 556 erga

364 555 666 620 proximum,
688 573 746 602 n:
790 569 938 617 9277.
1010 555 1151 618 Apud
1194 555 1373 603 Esaiam
1411 557 1713 604 “Confidens
1748 557 1792 604 in
1830 557 1932 613 Me,
1967 556 2235 606 haereditabit
2262 569 2349 606 ter-

360 638 475 678 ram,
513 623 563 668 ὅτ
593 620 802 683 poffidebit
835 616 1104 668 haereditario
1130 635 1334 669 montem
1361 621 1599 670 sanffitatis
1625 622 1783 670 meae”
1833 638 1983 671 1.v11:
2015 641 2092 685 13.
2176 623 2251 670 Ex
2277 625 2347 672 his

366 685 491 750 paiet
513 687 626 750 quid
652 687 924 750 fignificatur
947 701 1024 749 per
1041 686 1168 750 quod
1188 700 1297 734 terra
1320 687 1497 735 Canaan
1522 687 1762 736 distributa
1787 689 1839 736 fit
1863 688 1907 735 in
1929 688 2146 738 duodecem
2168 689 2347 737 haeredi-

360 762 474 800 tates
500 769 582 817 pro
605 751 850 800 duodecim
877 751 1080 799 tribubus
1099 751 1285 810 Israelis,
1321 752 1430 813 Jos:
1453 769 1580 800 xiv:
1604 770 1694 801 xv:
1722 770 1808 802 xvi
1830 772 1842 801 ε
1865 770 1951 803 xvi
1971 772 2016 802 1:
2041 771 2174 803 xv111
2194 773 2206 804 ε
2231 771 2346 813 xlx,

361 819 412 866 &
436 819 554 883 apud
581 817 871 865 Ezechielem
914 817 1046 880 Cap:
1090 833 1272 866 xcvii:
1315 835 1367 882 13
1410 818 1464 864 ad
1502 819 1595 866 fin:
1634 832 1731 868 tum
1769 819 1893 883 Cap:
1918 822 2232 876 va111:ibi;
2268 820 2354 885 pei}

364 880 528 932 terram
568 886 693 931 enim
734 883 989 930 Canaanem
1030 883 1334 944 significatum
1374 883 1437 931 est
1463 884 1681 946 Regnum
1708 885 1901 933 Domini
1928 886 2002 933 seu
2027 887 2238 945 Coelum,
2277 904 2340 936 n:

372 966 517 1012 14¹3·
548 964 689 1013 1437.
722 949 864 1012 1607.
899 950 1040 1005 1868,
1067 951 1212 1013 3038.
1241 955 1386 1013 3481.
1414 965 1559 1011 3705.
1583 951 1727 1012 3686.
1751 966 1897 1010 4240.
1923 968 2052 1015 4447
2079 973 2092 1007 ;
2128 969 2205 1016 per
2228 953 2344 1000 duo-

272 1020 275 1023 ’
363 1014 515 1063 decim
543 1017 682 1063 tribus
706 1013 955 1078 fignificata
978 1013 1078 1061 sunt
1100 1018 1255 1062 omnia
1279 1016 1394 1062 bona
1417 1017 1465 1063 δε
1491 1031 1595 1062 vera
1618 1017 1664 1063 in
1688 1018 1926 1064 communi
1950 1019 1998 1066 δι
2034 1019 2078 1066 in
2105 1020 2346 1080 particula-

358 1082 417 1135 ri,
453 1098 512 1129 n:
539 1083 680 1144 3858-
715 1080 859 1142 3862.
887 1079 1031 1143 3926.
1061 1094 1206 1143 3939.
1240 1081 1388 1140 4060.
1426 1080 1573 1143 6335.
1615 1083 1759 1144 6337.
1799 1082 1943 1146 6397.
1983 1084 2144 1143 6640;
2180 1085 2238 1132 fic
2264 1101 2344 1149 per

367 1145 614 1194 duodecim
641 1145 925 1193 haereditates
948 1145 1250 1207 significatum
1275 1145 1339 1192 est
1360 1147 1536 1193 coelum
1560 1162 1666 1194 cum
1700 1148 1914 1195 omnibus
1935 1149 2065 1197 coelis
2088 1149 2136 1197 &
2162 1148 2342 1197 societa-

362 1212 481 1258 tibus
518 1213 580 1259 ibi
616 1210 835 1258 distinstis
870 1211 1019 1275 quoad
1056 1210 1173 1259 bona
1206 1211 1372 1260 amoris
1408 1213 1457 1259 δε
1493 1212 1599 1258 inde
1636 1228 1735 1259 vera
1770 1212 1895 1275 fidei,
1929 1230 1986 1261 n:
2015 1216 2158 1278 7836.
2187 1218 2338 1280 7891.

364 1277 514 1339 7996,
540 1279 602 1324 ita
628 1276 672 1322 in
697 1275 820 1324 sensu
842 1275 1059 1322 abstracio
1082 1276 1173 1339 ipsa
1197 1277 1316 1325 bona
1339 1292 1446 1341 quae
1468 1294 1494 1326 a
1518 1278 1742 1333 Domino,
1774 1278 1967 1342 proinde
1986 1297 2094 1344 quae
2118 1280 2218 1328 sunt
2241 1283 2341 1330 Do-

361 1345 514 1389 minus
538 1345 582 1390 in
609 1342 775 1390 Coelo:
813 1340 1001 1388 Coelum
1026 1341 1150 1390 enim
1177 1358 1265 1390 non
1290 1342 1353 1390 est
1377 1343 1455 1390 nifi
1478 1354 1620 1406 'quam
1647 1344 1878 1392 Divinum
1897 1346 2067 1394 Verum
2093 1349 2342 1410 procedens

361 1425 386 1456 a
407 1408 584 1456 Divino
616 1408 750 1454 Bono
788 1406 980 1455 Domini
1002 1427 1017 1460 ;
1053 1408 1226 1469 Angeli
1251 1409 1313 1456 ibi
1355 1408 1456 1456 sunt
1482 1409 1741 1473 recipientes
1764 1411 1858 1456 veri
1882 1410 1929 1462 in
1954 1413 2090 1468 bono,
2126 1414 2175 1460 δι
2193 1429 2338 1478 quan-

360 1487 462 1522 tum
487 1475 573 1522 hoc
596 1474 837 1538 recipiunt,
875 1485 1050 1520 tantum
1075 1473 1244 1521 faciunt
1265 1474 1438 1521 coelum
1459 1491 1470 1520 ε
1512 1476 1559 1523 δε
1584 1475 1709 1539 quod
1734 1490 1946 1523 arcanum
1982 1477 2062 1533 est,
2099 1479 2338 1530 Dominus

357 1556 452 1587 non
490 1541 662 1588 habitat
698 1538 822 1602 apud
850 1538 1108 1602 Angelum,
1145 1540 1224 1587 nifi
1264 1539 1307 1587 in
1333 1540 1429 1587 Suo
1457 1540 1576 1603 apud
1615 1541 1782 1594 illum·,
1819 1540 2020 1591 similiter
2042 1544 2161 1606 apud
2187 1544 2338 1593 homi-

363 1622 486 1662 nem,
525 1605 749 1653 Divinum
773 1605 895 1652 enim
922 1604 1005 1652 erit
1029 1605 1073 1650 in
1095 1605 1287 1661 Divino,
1314 1621 1402 1652 non
1430 1605 1472 1652 in
1498 1602 1919 1669 pr'oprioalieujun
1956 1608 2042 1656 hoc
2066 1610 2334 1674 intelligitur

363 1687 442 1734 per
465 1670 657 1718 Domini
685 1670 820 1717 verba
843 1671 899 1718 de
922 1669 1087 1717 unione
1110 1670 1171 1718 sui
1190 1685 1298 1721 cum
1325 1671 1410 1718 illis
1433 1672 1511 1734 qui
1535 1671 1581 1718 in
1608 1673 1730 1720 bono
1750 1673 1916 1719 amoris
1956 1678 2072 1730 sunt,
2106 1677 2228 1740 apud
2253 1676 2336 1735 J01

358 1737 555 1795 hannem
591 1734 624 1765 ‘'‘
646 1736 698 1782 In
723 1734 798 1783 illa
821 1733 889 1783 die
909 1736 1155 1798 cognosceus
1176 1753 1266 1794 vos,
1304 1736 1411 1800 quod
1433 1738 1526 1799 Ego
1549 1740 1593 1784 in
1612 1738 1764 1794 Patre,
1799 1737 1854 1787 &³
1872 1754 1948 1788 vos
1973 1744 2017 1786 in
2034 1742 2130 1795 Me,
2165 1741 2220 1791 {9³
2238 1742 2335 1804 Ego

357 1805 403 1848 in
422 1802 574 1851 vobis:
607 1804 681 1864 qui
702 1811 822 1847 amet
839 1803 939 1856 Me,
974 1801 1148 1849 verbum
1172 1818 1304 1849 meum
1316 1803 1490 1866 servat,
1527 1802 1583 1852 ἔθ’
1599 1803 1660 1850 ad
1677 1804 1796 1852 illum
1818 1808 2046 1861 veniemus,
2081 1804 2138 1857 &
2159 1807 2334 1866 manlio-

355 1885 448 1916 nem
482 1867 600 1930 apud
629 1866 766 1916 illum
774 1868 986 1928 faciemus
1004 1865 1036 1886 '²
1071 1883 1170 1915 xiv
1187 1885 1207 1914 ι
1233 1883 1310 1917 2ο.
1337 1883 1394 1929 23
1418 1890 1432 1923 ς
1468 1871 1518 1917 δε
1551 1869 1659 1916 alibi
1694 1870 1811 1932 apud
1838 1870 2051 1919 Eundem
2087 1880 2120 1902 “
2138 1874 2233 1936 Ego
2249 1873 2333 1935 glo·

354 1937 488 1992 riam,
525 1949 649 1997 quam
673 1931 817 1988 dedisti
841 1934 979 1988 Mihi,
1011 1932 1109 1980 dedi
1129 1933 1234 1990 illis,
1269 1944 1319 1982 ut
1330 1933 1410 1988 lint
1429 1949 1555 1981 unum
1565 1934 1683 1997 ficut
1704 1951 1778 1982 nos
1800 1951 1927 1991 unum
1939 1940 2108 1997 sumus,
2143 1950 2191 1985 ut
2211 1954 2333 1988 amor

355 2015 432 2062 quo
455 1998 604 2056 amasti
621 2000 716 2055 Me,
755 1998 800 2046 in
822 1997 994 2058 illisstt,
1029 1997 1084 2048 fs?
1102 2000 1197 2062 Ego
1221 2002 1265 2047 in
1286 2000 1371 2049 illis
1390 1999 1423 2018 '’
1458 2015 1547 2047 xv1
1564 2016 1580 2047 1
1605 2018 1617 2048 ε
1646 2016 1724 2047 22.
1753 2004 1833 2050 26.
1914 2055 1918 2060 .

421 2081 569 2127 9339.
609 2063 747 2110 Vers:
775 2081 801 2126 3
819 2081 855 2112 1.
879 2081 956 2127 32.
985 2080 1062 2126 33.
1098 2066 1161 2112 Et
1175 2079 1327 2128 ponam
1345 2063 1570 2114 terminum
1595 2076 1714 2114 tuum
1738 2083 1766 2113 a
1784 2070 1899 2116 mari
1921 2067 2107 2130 Suph&
2128 2069 2248 2134 usque
2269 2069 2329 2121 dd

356 2146 479 2178 mare
496 2128 848 2191 Philisthleorum,
884 2128 940 2179 ὃ
957 2147 986 2177 a
1009 2127 1163 2194 deserto
1185 2137 1304 2195 usque
1325 2131 1386 2179 ad
1392 2133 1583 2194 fluvium
1603 2153 1618 2187 ι
1653 2135 1752 2195 quia
1767 2131 1872 2179 dabo
1894 2137 1936 2180 in
1952 2150 2122 2182 manum
2146 2137 2329 2199 vestram

356 2197 613 2244 habitatores
635 2205 781 2248 ternae,
816 2194 872 2244 ἐξ
892 2195 1091 2258 expellam
1121 2196 1211 2245 illos
1234 2198 1289 2244 ab
1319 2209 1416 2246 ante
1437 2207 1492 2248 te.
1560 2197 1661 2245 Non
1689 2210 1850 2262 panges
1874 2200 1959 2249 illis
1980 2199 2034 2248 δεῖ
2058 2200 2136 2248 diis
2158 2203 2327 2251 illorum

345 2262 510 2324 faedus.
583 2260 684 2309 Non
701 2260 954 2308 habitabunt
973 2263 1018 2308 in
1040 2271 1159 2309 terra
1182 2272 1275 2319 tua,
1312 2280 1361 2311 ne
1372 2264 1494 2326 forte
1515 2264 1681 2319 faciant
1697 2277 1873 2326 peccare
1894 2275 1935 2311 te
1952 2267 2089 2322 Mihi,
2126 2283 2217 2315 cum
2232 2269 2326 2327 ser-

351 2330 519 2376 viveris
542 2326 624 2374 diis
647 2325 831 2383 illorum,
866 2329 967 2393 quia
999 2330 1080 2374 erit
1117 2329 1192 2378 tibi
1223 2331 1267 2377 in
1289 2330 1498 2393 laqueum.
1572 2329 1638 2379 Et
1673 2346 1838 2391 ponam
1874 2332 2118 2378 terminum
2148 2346 2276 2380 tuum
2302 2348 2326 2383 a

353 2394 464 2441 mari
491 2393 622 2456 Suph
643 2392 693 2440 δε
718 2391 858 2455 usque
894 2393 948 2439 ad
987 2410 1110 2443 mare
1133 2393 1518 2450 Philisthaeorum,
1554 2395 1772 2456 fignificat
1806 2397 2113 2445 extenfionem
2148 2414 2172 2444 a
2210 2400 2324 2450 veris

354 2458 687 2505 scientificis.ad
713 2473 818 2506 vera
842 2459 1046 2508 interiora
1069 2458 1171 2508 fidei
1193 2477 1205 2509 ι
1242 2462 1291 2507 &
1315 2477 1338 2507 a
1362 2461 1531 2510 desezto
1556 2461 1694 2523 usque
1718 2461 1772 2507 ad
1806 2461 2017 2516 fluvium,
2055 2464 2275 2523 fignificat
2298 2480 2324 2514 a

344 2522 550 2586 jucundo
568 2518 773 2570 sensualis
798 2520 937 2588 usque
958 2524 1014 2572 ad
1040 2522 1209 2572 bonum
1233 2527 1282 2576 &
1317 2542 1474 2572 verum
1507 2526 1760 2578 rationalis:
1794 2528 1897 2587 quia
1921 2527 2040 2578 dabo
2065 2529 2108 2574 in
2135 2545 2322 2579 manum

352 2589 548 2635 vestram
573 2587 841 2654 habitatores
868 2605 1009 2647 terrae,
1053 2589 1270 2653 fignificat
1298 2592 1543 2655 imperium
1580 2593 1710 2654 super
1735 2593 1889 2641 malis:
1926 2593 1975 2639 δε
2014 2592 2240 2656 expellam
2266 2597 2319 2643 il-

349 2654 417 2701 los
440 2656 497 2701 ab
517 2666 617 2700 ante
637 2667 696 2708 te,
734 2654 957 2718 significat
977 2657 1277 2706 remotionem
1302 2666 1458 2704 comm
1478 2676 1490 2708 z
1527 2658 1574 2703 &
1595 2674 1683 2703 non
1704 2673 1871 2720 panges
1891 2659 1942 2706 iis
1958 2659 2005 2705 δι
2026 2658 2113 2706 diis
2133 2661 2315 2712 illorum

352 2719 515 2774 faedus,
551 2719 772 2783 fignificat
791 2722 884 2767 non
910 2723 1373 2770 communi:ationem
1398 2738 1503 2770 cum
1531 2723 1656 2772 malis
1680 2725 1729 2770 &
1754 2723 1898 2773 faifis:
1937 2741 2025 2770 non
2051 2724 2319 2786 habitabunt,

351 2785 396 2831 in
422 2801 531 2833 terra
567 2799 658 2840 tua,
684 2779 915 2846 fignificat
954 2782 1079 2851 quod
1117 2788 1235 2835 mala
1270 2804 1358 2839 non
1387 2788 1513 2837 fimul
1550 2802 1678 2840 erunt
1702 2805 1803 2837 cum
1830 2790 1959 2836 bonis
1982 2789 2224 2840 Eccle'fiae:
2264 2808 2318 2843 ne

349 2849 470 2899 forte
495 2843 661 2898 facim‘t
695 2866 892 2912 peccare,
915 2866 958 2898 te
996 2850 1140 2907 Mihi,
1182 2852 1401 2917 fignificat
1427 2871 1482 2901 ne
1515 2856 1628 2900 mala
1663 2867 1860 2901 avertant
1885 2856 2001 2902 bona
2025 2873 2049 2903 a
2076 2856 2283 2908 Domino
2307 2877 2317 2909 :

350 2931 460 2963 cum
486 2916 716 2979 serviveris
733 2915 818 2964 diis
842 2916 1042 2982 illorum,
1082 2918 1300 2982 fignificat
1324 2914 1355 2971 fi
1378 2922 1526 2968 cultus
1558 2937 1615 2966 ex
1640 2919 1752 2966 falfis
1774 2938 1785 2967 :
1822 2921 1928 2984 quia
1952 2922 2034 2970 erit
2070 2923 2150 2973 tibi
2186 2925 2241 2970 in*
2259 2924 2317 2974 las

342 2998 536 3046 qucum,
573 2981 790 3044 fignificat
814 2983 1173 3032 eraneekatione
1192 2983 1528 3051 &deceptione
1555 2986 1795 3035 malorum.

381 3044 526 3113 9340.
551 3047 615 3094 Et
634 3063 802 3110 ponam
824 3049 1070 3096 terminum
1091 3050 1264 3101 tuum'a
1282 3053 1390 3098 mari
1409 3052 1536 3115 Suph
1553 3051 1693 3115 usque
1711 3053 1767 3100 ad
1790 3067 1907 3099 mare
1925 3052 2316 3114 philisthaeorum,

345 3114 469 3179 quod
491 3113 711 3179 significet
732 3115 1040 3165 extensionem
1066 3131 1091 3164 a
1111 3115 1225 3186 yexis
1261 3116 1514 3168 scientificis
1537 3116 1592 3187 ‘ao
1629 3121 1732 3168 vera'
1756 3117 1961 3184 interiora
1987 3118 2108 3176 fidei,
2147 3122 2319 3175 constat

613 3207 616 3211 .
1624 3219 1626 3221 ‚
2256 3203 2312 3239 cx
