<?xml version="1.0" encoding="UTF-8"?>
<!DOCTYPE html PUBLIC "-//W3C//DTD XHTML 1.0 Transitional//EN"
    "http://www.w3.org/TR/xhtml1/DTD/xhtml1-transitional.dtd">
<html xmlns="http://www.w3.org/1999/xhtml" xml:lang="en" lang="en">
 <head>
  <title>
</title>
<meta http-equiv="Content-Type" content="text/html;charset=utf-8" />
  <meta name='ocr-system' content='tesseract 3.04.00' />
  <meta name='ocr-capabilities' content='ocr_page ocr_carea ocr_par ocr_line ocrx_word'/>
</head>
<body>
  <div class='ocr_page' id='page_1' title='image "arcanacaelestiaq07sweduoft_0373.png"; bbox 0 0 2722 3684; ppageno 0'>
   <div class='ocr_carea' id='block_1_1' title="bbox 618 118 2382 237">
    <p class='ocr_par' dir='ltr' id='par_1_1' title="bbox 618 118 2382 237">
     <span class='ocr_line' id='line_1_1' title="bbox 618 118 2382 237; baseline 0.033 -57"><span class='ocrx_word' id='word_1_1' title='bbox 618 118 693 210; x_wconf 53' lang='grc' dir='ltr'><strong>ᾗ</strong></span> <span class='ocrx_word' id='word_1_2' title='bbox 695 139 939 208; x_wconf 82' lang='lat' dir='ltr'><strong>APUT</strong></span> <span class='ocrx_word' id='word_1_3' title='bbox 977 119 1488 202; x_wconf 46' lang='lat' dir='ltr'>‘thEslMUM</span> <span class='ocrx_word' id='word_1_4' title='bbox 1535 135 2044 207; x_wconf 76' lang='lat' dir='ltr'><strong>SECUNDUM.</strong></span> <span class='ocrx_word' id='word_1_5' title='bbox 2227 148 2382 237; x_wconf 77' lang='grc'>,367</span> 
     </span>
    </p>
   </div>
   <div class='ocr_carea' id='block_1_2' title="bbox 336 256 2456 3248">
    <p class='ocr_par' dir='ltr' id='par_1_2' title="bbox 336 256 2456 3248">
     <span class='ocr_line' id='line_1_2' title="bbox 346 256 2379 331; baseline -0.003 -10"><span class='ocrx_word' id='word_1_6' title='bbox 346 270 446 329; x_wconf 74' lang='lat' dir='ltr'>ma,</span> <span class='ocrx_word' id='word_1_7' title='bbox 481 266 532 319; x_wconf 79' lang='grc' dir='ltr'>δε</span> <span class='ocrx_word' id='word_1_8' title='bbox 567 265 852 331; x_wconf 82' lang='lat' dir='ltr'>compescere</span> <span class='ocrx_word' id='word_1_9' title='bbox 872 260 978 317; x_wconf 87' lang='lat' dir='ltr'>illa·,</span> <span class='ocrx_word' id='word_1_10' title='bbox 1014 260 1064 308; x_wconf 89' lang='lat'>&amp;</span> <span class='ocrx_word' id='word_1_11' title='bbox 1088 274 1280 324; x_wconf 88' lang='lat' dir='ltr'>quoque</span> <span class='ocrx_word' id='word_1_12' title='bbox 1298 256 1465 306; x_wconf 85' lang='lat' dir='ltr'>elevari</span> <span class='ocrx_word' id='word_1_13' title='bbox 1491 257 1536 306; x_wconf 87' lang='lat' dir='ltr'>in</span> <span class='ocrx_word' id='word_1_14' title='bbox 1555 257 1727 307; x_wconf 87' lang='lat' dir='ltr'>coelum</span> <span class='ocrx_word' id='word_1_15' title='bbox 1747 259 1890 324; x_wconf 89' lang='lat' dir='ltr'>usque</span> <span class='ocrx_word' id='word_1_16' title='bbox 1910 262 1970 310; x_wconf 90' lang='lat' dir='ltr'>ad</span> <span class='ocrx_word' id='word_1_17' title='bbox 1998 260 2287 322; x_wconf 85' lang='lat' dir='ltr'>Dominum,</span> <span class='ocrx_word' id='word_1_18' title='bbox 2321 262 2379 316; x_wconf 73' lang='grc' dir='ltr'>ὅτ</span> 
     </span>
     <span class='ocr_line' id='line_1_3' title="bbox 343 325 2443 399; baseline -0.003 -11"><span class='ocrx_word' id='word_1_19' title='bbox 343 337 411 388; x_wconf 78' lang='lat' dir='ltr'>stc</span> <span class='ocrx_word' id='word_1_20' title='bbox 432 335 647 399; x_wconf 86' lang='lat' dir='ltr'>conjungi</span> <span class='ocrx_word' id='word_1_21' title='bbox 672 332 762 398; x_wconf 76' lang='lat' dir='ltr'>Ipsi</span> <span class='ocrx_word' id='word_1_22' title='bbox 786 329 1071 393; x_wconf 78' lang='lat' dir='ltr'>cogitatione</span> <span class='ocrx_word' id='word_1_23' title='bbox 1095 328 1145 376; x_wconf 77' lang='grc' dir='ltr'>ὅτ,</span> <span class='ocrx_word' id='word_1_24' title='bbox 1170 325 1435 382; x_wconf 61' lang='lat' dir='ltr'>afferi-ione,</span> <span class='ocrx_word' id='word_1_25' title='bbox 1475 325 1672 390; x_wconf 87' lang='lat' dir='ltr'>proinde</span> <span class='ocrx_word' id='word_1_26' title='bbox 1698 326 1792 374; x_wconf 82' lang='lat' dir='ltr'>fide</span> <span class='ocrx_word' id='word_1_27' title='bbox 1816 327 1867 375; x_wconf 89' lang='lat'>&amp;</span> <span class='ocrx_word' id='word_1_28' title='bbox 1892 343 2051 377; x_wconf 90' lang='lat' dir='ltr'>amore</span> <span class='ocrx_word' id='word_1_29' title='bbox 2068 350 2084 383; x_wconf 79' lang='lat'>3</span> <span class='ocrx_word' id='word_1_30' title='bbox 2120 329 2202 395; x_wconf 92' lang='lat' dir='ltr'>qui</span> <span class='ocrx_word' id='word_1_31' title='bbox 2225 331 2369 382; x_wconf 79' lang='lat' dir='ltr'>etiam</span> <span class='ocrx_word' id='word_1_32' title='bbox 2441 339 2443 341; x_wconf 79' lang='grc'><strong>’</strong></span> 
     </span>
     <span class='ocr_line' id='line_1_4' title="bbox 349 393 2367 457; baseline -0.003 -3"><span class='ocrx_word' id='word_1_33' title='bbox 349 419 448 454; x_wconf 87' lang='lat' dir='ltr'>tam</span> <span class='ocrx_word' id='word_1_34' title='bbox 464 401 702 452; x_wconf 68' lang='lat' dir='ltr'>distinEtus</span> <span class='ocrx_word' id='word_1_35' title='bbox 722 397 787 446; x_wconf 91' lang='lat' dir='ltr'>est</span> <span class='ocrx_word' id='word_1_36' title='bbox 822 398 882 446; x_wconf 92' lang='lat' dir='ltr'>ab</span> <span class='ocrx_word' id='word_1_37' title='bbox 916 408 1130 451; x_wconf 81' lang='lat' dir='ltr'>externe,</span> <span class='ocrx_word' id='word_1_38' title='bbox 1166 404 1220 441; x_wconf 91' lang='lat' dir='ltr'>ut</span> <span class='ocrx_word' id='word_1_39' title='bbox 1243 393 1472 456; x_wconf 85' lang='lat' dir='ltr'>separetur</span> <span class='ocrx_word' id='word_1_40' title='bbox 1493 393 1550 440; x_wconf 93' lang='lat' dir='ltr'>ab</span> <span class='ocrx_word' id='word_1_41' title='bbox 1573 408 1630 440; x_wconf 88' lang='lat' dir='ltr'>eo</span> <span class='ocrx_word' id='word_1_42' title='bbox 1655 394 1755 457; x_wconf 91' lang='lat' dir='ltr'>post</span> <span class='ocrx_word' id='word_1_43' title='bbox 1781 406 1998 452; x_wconf 86' lang='lat' dir='ltr'>mortem,</span> <span class='ocrx_word' id='word_1_44' title='bbox 2030 396 2084 444; x_wconf 87' lang='lat'>&amp;</span> <span class='ocrx_word' id='word_1_45' title='bbox 2106 397 2367 449; x_wconf 71' lang='lat' dir='ltr'>dein-vivat</span> 
     </span>
     <span class='ocr_line' id='line_1_5' title="bbox 349 458 2366 531; baseline -0.002 -11"><span class='ocrx_word' id='word_1_46' title='bbox 349 473 397 520; x_wconf 87' lang='lat' dir='ltr'>in</span> <span class='ocrx_word' id='word_1_47' title='bbox 411 464 655 524; x_wconf 66' lang='lat' dir='ltr'>aeternum,</span> <span class='ocrx_word' id='word_1_48' title='bbox 690 481 773 531; x_wconf 90' lang='lat' dir='ltr'>per</span> <span class='ocrx_word' id='word_1_49' title='bbox 793 464 894 513; x_wconf 85' lang='lat' dir='ltr'>haec</span> <span class='ocrx_word' id='word_1_50' title='bbox 935 461 1234 525; x_wconf 86' lang='lat' dir='ltr'>distinguitur</span> <span class='ocrx_word' id='word_1_51' title='bbox 1259 459 1403 507; x_wconf 88' lang='lat' dir='ltr'>homo</span> <span class='ocrx_word' id='word_1_52' title='bbox 1423 475 1449 507; x_wconf 91' lang='lat' dir='ltr'>a</span> <span class='ocrx_word' id='word_1_53' title='bbox 1469 458 1648 509; x_wconf 89' lang='lat' dir='ltr'>bestiis:</span> <span class='ocrx_word' id='word_1_54' title='bbox 1684 459 1759 508; x_wconf 90' lang='lat' dir='ltr'>sed</span> <span class='ocrx_word' id='word_1_55' title='bbox 1785 460 1884 509; x_wconf 80' lang='lat' dir='ltr'>haec</span> <span class='ocrx_word' id='word_1_56' title='bbox 1905 476 1998 509; x_wconf 92' lang='lat' dir='ltr'>non</span> <span class='ocrx_word' id='word_1_57' title='bbox 2025 462 2183 512; x_wconf 91' lang='lat' dir='ltr'>vident</span> <span class='ocrx_word' id='word_1_58' title='bbox 2199 465 2265 514; x_wconf 88' lang='lat' dir='ltr'>illi</span> <span class='ocrx_word' id='word_1_59' title='bbox 2279 468 2366 530; x_wconf 82' lang='lat' dir='ltr'>qui</span> 
     </span>
     <span class='ocr_line' id='line_1_6' title="bbox 343 527 2364 587; baseline -0.004 -1"><span class='ocrx_word' id='word_1_60' title='bbox 343 551 473 587; x_wconf 87' lang='lat' dir='ltr'>mere</span> <span class='ocrx_word' id='word_1_61' title='bbox 497 534 721 584; x_wconf 81' lang='lat' dir='ltr'>naturales</span> <span class='ocrx_word' id='word_1_62' title='bbox 743 548 796 579; x_wconf 90' lang='lat' dir='ltr'>ac</span> <span class='ocrx_word' id='word_1_63' title='bbox 833 530 1053 579; x_wconf 85' lang='lat' dir='ltr'>sensuales</span> <span class='ocrx_word' id='word_1_64' title='bbox 1092 527 1303 576; x_wconf 83' lang='lat' dir='ltr'>homiues</span> <span class='ocrx_word' id='word_1_65' title='bbox 1335 527 1472 582; x_wconf 86' lang='lat' dir='ltr'>sunt;</span> <span class='ocrx_word' id='word_1_66' title='bbox 1524 527 1589 576; x_wconf 89' lang='lat' dir='ltr'>est</span> <span class='ocrx_word' id='word_1_67' title='bbox 1623 528 1750 576; x_wconf 90' lang='lat' dir='ltr'>enim</span> <span class='ocrx_word' id='word_1_68' title='bbox 1785 529 1991 576; x_wconf 89' lang='lat' dir='ltr'>internus</span> <span class='ocrx_word' id='word_1_69' title='bbox 2022 543 2183 577; x_wconf 89' lang='lat' dir='ltr'>eorum</span> <span class='ocrx_word' id='word_1_70' title='bbox 2217 530 2364 582; x_wconf 87' lang='lat' dir='ltr'>homo</span> 
     </span>
     <span class='ocr_line' id='line_1_7' title="bbox 339 593 2366 662; baseline -0.002 -10"><span class='ocrx_word' id='word_1_71' title='bbox 339 602 510 652; x_wconf 88' lang='lat' dir='ltr'>clausus</span> <span class='ocrx_word' id='word_1_72' title='bbox 534 601 687 649; x_wconf 85' lang='lat' dir='ltr'>versus</span> <span class='ocrx_word' id='word_1_73' title='bbox 711 598 886 647; x_wconf 86' lang='lat' dir='ltr'>coelum</span> <span class='ocrx_word' id='word_1_74' title='bbox 907 618 923 653; x_wconf 89' lang='lat'>·‚</span> <span class='ocrx_word' id='word_1_75' title='bbox 957 606 1239 662; x_wconf 83' lang='lat' dir='ltr'>quapropter</span> <span class='ocrx_word' id='word_1_76' title='bbox 1269 608 1352 642; x_wconf 90' lang='lat' dir='ltr'>nec</span> <span class='ocrx_word' id='word_1_77' title='bbox 1375 593 1522 641; x_wconf 90' lang='lat' dir='ltr'>sciunt</span> <span class='ocrx_word' id='word_1_78' title='bbox 1545 593 1789 642; x_wconf 86' lang='lat' dir='ltr'>discrimen</span> <span class='ocrx_word' id='word_1_79' title='bbox 1813 594 1958 643; x_wconf 90' lang='lat' dir='ltr'>facere</span> <span class='ocrx_word' id='word_1_80' title='bbox 1975 596 2091 644; x_wconf 89' lang='lat' dir='ltr'>inter</span> <span class='ocrx_word' id='word_1_81' title='bbox 2112 596 2366 649; x_wconf 88' lang='lat' dir='ltr'>hominem</span> 
     </span>
     <span class='ocr_line' id='line_1_8' title="bbox 341 659 2362 730; baseline -0.003 -11"><span class='ocrx_word' id='word_1_82' title='bbox 341 672 396 719; x_wconf 86' lang='lat'>&amp;</span> <span class='ocrx_word' id='word_1_83' title='bbox 419 668 609 718; x_wconf 88' lang='lat' dir='ltr'>bestiam</span> <span class='ocrx_word' id='word_1_84' title='bbox 634 666 760 715; x_wconf 86' lang='lat' dir='ltr'>aliud</span> <span class='ocrx_word' id='word_1_85' title='bbox 800 679 942 730; x_wconf 86' lang='lat' dir='ltr'>quam</span> <span class='ocrx_word' id='word_1_86' title='bbox 969 662 1097 729; x_wconf 91' lang='lat' dir='ltr'>quod</span> <span class='ocrx_word' id='word_1_87' title='bbox 1138 662 1282 710; x_wconf 87' lang='lat' dir='ltr'>horno</span> <span class='ocrx_word' id='word_1_88' title='bbox 1304 659 1433 725; x_wconf 90' lang='lat' dir='ltr'>loqui</span> <span class='ocrx_word' id='word_1_89' title='bbox 1459 663 1607 725; x_wconf 87' lang='lat' dir='ltr'>poffit,</span> <span class='ocrx_word' id='word_1_90' title='bbox 1643 662 1946 725; x_wconf 82' lang='lat' dir='ltr'>quodetiam</span> <span class='ocrx_word' id='word_1_91' title='bbox 1976 677 2103 711; x_wconf 90' lang='lat' dir='ltr'>mere</span> <span class='ocrx_word' id='word_1_92' title='bbox 2142 662 2362 714; x_wconf 79' lang='lat' dir='ltr'>sensuales</span> 
     </span>
     <span class='ocr_line' id='line_1_9' title="bbox 343 727 2456 799; baseline -0.003 -13"><span class='ocrx_word' id='word_1_93' title='bbox 343 737 558 786; x_wconf 90' lang='lat' dir='ltr'>homines</span> <span class='ocrx_word' id='word_1_94' title='bbox 583 735 713 799; x_wconf 89' lang='lat' dir='ltr'>parvi</span> <span class='ocrx_word' id='word_1_95' title='bbox 739 732 931 782; x_wconf 88' lang='lat' dir='ltr'>faciunt.</span> <span class='ocrx_word' id='word_1_96' title='bbox 1005 727 1150 794; x_wconf 82' lang='lat' dir='ltr'>Qod</span> <span class='ocrx_word' id='word_1_97' title='bbox 1175 727 1321 776; x_wconf 90' lang='lat' dir='ltr'>Canes</span> <span class='ocrx_word' id='word_1_98' title='bbox 1346 727 1603 791; x_wconf 83' lang='lat' dir='ltr'>significent</span> <span class='ocrx_word' id='word_1_99' title='bbox 1628 728 1746 786; x_wconf 91' lang='lat' dir='ltr'>illos,</span> <span class='ocrx_word' id='word_1_100' title='bbox 1798 729 1882 794; x_wconf 89' lang='lat' dir='ltr'>qui</span> <span class='ocrx_word' id='word_1_101' title='bbox 1921 728 2097 785; x_wconf 87' lang='lat' dir='ltr'>bonum</span> <span class='ocrx_word' id='word_1_102' title='bbox 2130 728 2240 778; x_wconf 86' lang='lat' dir='ltr'>fidei</span> <span class='ocrx_word' id='word_1_103' title='bbox 2274 732 2366 780; x_wconf 85' lang='lat' dir='ltr'>im·</span> <span class='ocrx_word' id='word_1_104' title='bbox 2450 782 2456 785; x_wconf 74' lang='grc'><strong>,</strong></span> 
     </span>
     <span class='ocr_line' id='line_1_10' title="bbox 345 794 2364 863; baseline -0.002 -11"><span class='ocrx_word' id='word_1_105' title='bbox 345 803 581 854; x_wconf 86' lang='lat' dir='ltr'>mundum</span> <span class='ocrx_word' id='word_1_106' title='bbox 606 800 806 850; x_wconf 90' lang='lat' dir='ltr'>reddunt</span> <span class='ocrx_word' id='word_1_107' title='bbox 843 813 925 862; x_wconf 90' lang='lat' dir='ltr'>per</span> <span class='ocrx_word' id='word_1_108' title='bbox 948 794 1292 852; x_wconf 86' lang='lat' dir='ltr'>falsificationes,</span> <span class='ocrx_word' id='word_1_109' title='bbox 1327 795 1392 841; x_wconf 86' lang='lat' dir='ltr'>est</span> <span class='ocrx_word' id='word_1_110' title='bbox 1415 795 1525 859; x_wconf 89' lang='lat' dir='ltr'>quia</span> <span class='ocrx_word' id='word_1_111' title='bbox 1544 796 1689 843; x_wconf 91' lang='lat' dir='ltr'>Canes</span> <span class='ocrx_word' id='word_1_112' title='bbox 1714 795 2136 854; x_wconf 85' lang='lat' dir='ltr'>immunda-edunt,</span> <span class='ocrx_word' id='word_1_113' title='bbox 2170 797 2222 846; x_wconf 89' lang='lat'>&amp;</span> <span class='ocrx_word' id='word_1_114' title='bbox 2245 813 2364 863; x_wconf 88' lang='lat' dir='ltr'>quo-</span> 
     </span>
     <span class='ocr_line' id='line_1_11' title="bbox 343 860 2361 937; baseline -0.002 -18"><span class='ocrx_word' id='word_1_115' title='bbox 343 887 438 937; x_wconf 90' lang='lat' dir='ltr'>que</span> <span class='ocrx_word' id='word_1_116' title='bbox 462 870 686 918; x_wconf 85' lang='lat' dir='ltr'>blaterant</span> <span class='ocrx_word' id='word_1_117' title='bbox 707 867 760 916; x_wconf 77' lang='grc' dir='ltr'>δε</span> <span class='ocrx_word' id='word_1_118' title='bbox 789 866 1010 914; x_wconf 88' lang='lat' dir='ltr'>mordent</span> <span class='ocrx_word' id='word_1_119' title='bbox 1033 863 1271 912; x_wconf 86' lang='lat' dir='ltr'>homines:</span> <span class='ocrx_word' id='word_1_120' title='bbox 1308 860 1414 909; x_wconf 88' lang='lat' dir='ltr'>inde</span> <span class='ocrx_word' id='word_1_121' title='bbox 1437 877 1624 927; x_wconf 88' lang='lat' dir='ltr'>quoque</span> <span class='ocrx_word' id='word_1_122' title='bbox 1659 861 1743 920; x_wconf 89' lang='lat' dir='ltr'>est,</span> <span class='ocrx_word' id='word_1_123' title='bbox 1780 862 1909 928; x_wconf 90' lang='lat' dir='ltr'>quod</span> <span class='ocrx_word' id='word_1_124' title='bbox 1933 874 2107 926; x_wconf 85' lang='lat' dir='ltr'>gentes,</span> <span class='ocrx_word' id='word_1_125' title='bbox 2143 879 2254 929; x_wconf 86' lang='lat' dir='ltr'>quae</span> <span class='ocrx_word' id='word_1_126' title='bbox 2276 879 2361 915; x_wconf 82' lang='lat' dir='ltr'>cx·</span> 
     </span>
     <span class='ocr_line' id='line_1_12' title="bbox 340 929 2360 996; baseline -0.002 -10"><span class='ocrx_word' id='word_1_127' title='bbox 340 949 408 986; x_wconf 88' lang='lat' dir='ltr'>tra</span> <span class='ocrx_word' id='word_1_128' title='bbox 434 935 686 985; x_wconf 79' lang='lat' dir='ltr'>Ecclesiam</span> <span class='ocrx_word' id='word_1_129' title='bbox 714 934 761 982; x_wconf 91' lang='lat' dir='ltr'>in</span> <span class='ocrx_word' id='word_1_130' title='bbox 788 932 903 980; x_wconf 87' lang='lat' dir='ltr'>falfis</span> <span class='ocrx_word' id='word_1_131' title='bbox 928 947 986 980; x_wconf 87' lang='lat' dir='ltr'>ex</span> <span class='ocrx_word' id='word_1_132' title='bbox 1012 929 1135 978; x_wconf 89' lang='lat' dir='ltr'>malo</span> <span class='ocrx_word' id='word_1_133' title='bbox 1157 941 1297 985; x_wconf 86' lang='lat' dir='ltr'>erant,</span> <span class='ocrx_word' id='word_1_134' title='bbox 1338 943 1364 974; x_wconf 92' lang='lat' dir='ltr'>a</span> <span class='ocrx_word' id='word_1_135' title='bbox 1381 929 1561 992; x_wconf 88' lang='lat' dir='ltr'>Judaeis</span> <span class='ocrx_word' id='word_1_136' title='bbox 1598 929 1714 978; x_wconf 72' lang='lat' dir='ltr'>dieti</span> <span class='ocrx_word' id='word_1_137' title='bbox 1740 929 1823 978; x_wconf 84' lang='lat' dir='ltr'>lint</span> <span class='ocrx_word' id='word_1_138' title='bbox 1845 946 1992 986; x_wconf 91' lang='lat' dir='ltr'>canes,</span> <span class='ocrx_word' id='word_1_139' title='bbox 2028 931 2078 979; x_wconf 80' lang='grc' dir='ltr'>δε</span> <span class='ocrx_word' id='word_1_140' title='bbox 2096 946 2182 996; x_wconf 87' lang='lat' dir='ltr'>pro</span> <span class='ocrx_word' id='word_1_141' title='bbox 2196 931 2360 982; x_wconf 81' lang='lat' dir='ltr'>viliffi-</span> 
     </span>
     <span class='ocr_line' id='line_1_13' title="bbox 340 994 2360 1065; baseline -0.002 -13"><span class='ocrx_word' id='word_1_142' title='bbox 340 1003 430 1053; x_wconf 89' lang='lat' dir='ltr'>mis</span> <span class='ocrx_word' id='word_1_143' title='bbox 455 1002 630 1051; x_wconf 84' lang='lat' dir='ltr'>habiti:</span> <span class='ocrx_word' id='word_1_144' title='bbox 671 999 803 1065; x_wconf 90' lang='lat' dir='ltr'>quod</span> <span class='ocrx_word' id='word_1_145' title='bbox 827 997 892 1046; x_wconf 88' lang='lat' dir='ltr'>illi</span> <span class='ocrx_word' id='word_1_146' title='bbox 928 998 1074 1046; x_wconf 88' lang='lat' dir='ltr'>Canes</span> <span class='ocrx_word' id='word_1_147' title='bbox 1096 994 1244 1043; x_wconf 87' lang='lat' dir='ltr'>vocati</span> <span class='ocrx_word' id='word_1_148' title='bbox 1270 995 1373 1049; x_wconf 77' lang='lat' dir='ltr'>sint,</span> <span class='ocrx_word' id='word_1_149' title='bbox 1421 1007 1547 1058; x_wconf 91' lang='lat' dir='ltr'>patet</span> <span class='ocrx_word' id='word_1_150' title='bbox 1579 1012 1603 1042; x_wconf 93' lang='lat' dir='ltr'>a</span> <span class='ocrx_word' id='word_1_151' title='bbox 1645 996 1840 1044; x_wconf 89' lang='lat' dir='ltr'>Domini</span> <span class='ocrx_word' id='word_1_152' title='bbox 1864 995 2014 1045; x_wconf 86' lang='lat' dir='ltr'>verbis</span> <span class='ocrx_word' id='word_1_153' title='bbox 2035 997 2091 1043; x_wconf 91' lang='lat' dir='ltr'>ad</span> <span class='ocrx_word' id='word_1_154' title='bbox 2116 996 2360 1048; x_wconf 85' lang='lat' dir='ltr'>mulierem</span> 
     </span>
     <span class='ocr_line' id='line_1_14' title="bbox 336 1060 2357 1131; baseline -0.003 -12"><span class='ocrx_word' id='word_1_155' title='bbox 336 1071 556 1118; x_wconf 85' lang='lat' dir='ltr'>Graecam</span> <span class='ocrx_word' id='word_1_156' title='bbox 570 1064 981 1131; x_wconf 84' lang='lat' dir='ltr'>Syrophaeniffam‚</span> <span class='ocrx_word' id='word_1_157' title='bbox 992 1060 1116 1124; x_wconf 88' lang='lat' dir='ltr'>cujus</span> <span class='ocrx_word' id='word_1_158' title='bbox 1132 1061 1223 1109; x_wconf 86' lang='lat' dir='ltr'>filia</span> <span class='ocrx_word' id='word_1_159' title='bbox 1237 1076 1263 1109; x_wconf 90' lang='lat' dir='ltr'>a</span> <span class='ocrx_word' id='word_1_160' title='bbox 1278 1061 1514 1108; x_wconf 85' lang='lat' dir='ltr'>daemonio</span> <span class='ocrx_word' id='word_1_161' title='bbox 1531 1063 1647 1110; x_wconf 88' lang='lat' dir='ltr'>male</span> <span class='ocrx_word' id='word_1_162' title='bbox 1663 1062 1962 1123; x_wconf 85' lang='lat' dir='ltr'>agitabatur“</span> <span class='ocrx_word' id='word_1_163' title='bbox 1974 1061 2086 1110; x_wconf 90' lang='lat' dir='ltr'>Non</span> <span class='ocrx_word' id='word_1_164' title='bbox 2099 1062 2164 1110; x_wconf 91' lang='lat' dir='ltr'>est</span> <span class='ocrx_word' id='word_1_165' title='bbox 2179 1064 2357 1113; x_wconf 89' lang='lat' dir='ltr'>bonum</span> 
     </span>
     <span class='ocr_line' id='line_1_15' title="bbox 345 1126 2358 1198; baseline -0.003 -12"><span class='ocrx_word' id='word_1_166' title='bbox 345 1137 520 1186; x_wconf 86' lang='lat' dir='ltr'>sumere</span> <span class='ocrx_word' id='word_1_167' title='bbox 545 1148 711 1198; x_wconf 86' lang='lat' dir='ltr'>panem</span> <span class='ocrx_word' id='word_1_168' title='bbox 745 1132 967 1187; x_wconf 85' lang='lat' dir='ltr'>filiorum,</span> <span class='ocrx_word' id='word_1_169' title='bbox 1003 1130 1053 1179; x_wconf 76' lang='grc' dir='ltr'>δε</span> <span class='ocrx_word' id='word_1_170' title='bbox 1084 1128 1291 1192; x_wconf 84' lang='lat' dir='ltr'>projicere</span> <span class='ocrx_word' id='word_1_171' title='bbox 1326 1126 1549 1176; x_wconf 83' lang='lat' dir='ltr'>Canibus:</span> <span class='ocrx_word' id='word_1_172' title='bbox 1586 1127 1662 1176; x_wconf 90' lang='lat' dir='ltr'>illa</span> <span class='ocrx_word' id='word_1_173' title='bbox 1683 1142 1793 1176; x_wconf 86' lang='lat' dir='ltr'>vero</span> <span class='ocrx_word' id='word_1_174' title='bbox 1815 1128 1952 1186; x_wconf 85' lang='lat' dir='ltr'>dixit,</span> <span class='ocrx_word' id='word_1_175' title='bbox 1988 1141 2110 1177; x_wconf 89' lang='lat' dir='ltr'>certe</span> <span class='ocrx_word' id='word_1_176' title='bbox 2131 1129 2358 1190; x_wconf 82' lang='lat' dir='ltr'>Domine,</span> 
     </span>
     <span class='ocr_line' id='line_1_16' title="bbox 345 1193 2359 1261; baseline -0.002 -11"><span class='ocrx_word' id='word_1_177' title='bbox 345 1219 511 1252; x_wconf 86' lang='lat' dir='ltr'>verum</span> <span class='ocrx_word' id='word_1_178' title='bbox 535 1202 669 1250; x_wconf 86' lang='lat' dir='ltr'>Canes</span> <span class='ocrx_word' id='word_1_179' title='bbox 692 1199 834 1248; x_wconf 89' lang='lat' dir='ltr'>etiam</span> <span class='ocrx_word' id='word_1_180' title='bbox 868 1196 999 1246; x_wconf 86' lang='lat' dir='ltr'>edunt</span> <span class='ocrx_word' id='word_1_181' title='bbox 1033 1194 1082 1244; x_wconf 85' lang='lat' dir='ltr'>de</span> <span class='ocrx_word' id='word_1_182' title='bbox 1103 1197 1225 1243; x_wconf 86' lang='lat' dir='ltr'>micis</span> <span class='ocrx_word' id='word_1_183' title='bbox 1247 1209 1339 1258; x_wconf 87' lang='lat' dir='ltr'>quae</span> <span class='ocrx_word' id='word_1_184' title='bbox 1361 1194 1518 1243; x_wconf 84' lang='lat' dir='ltr'>cadunt</span> <span class='ocrx_word' id='word_1_185' title='bbox 1551 1193 1604 1242; x_wconf 84' lang='lat' dir='ltr'>de</span> <span class='ocrx_word' id='word_1_186' title='bbox 1636 1194 1774 1257; x_wconf 71' lang='lat' dir='ltr'>menfiz</span> <span class='ocrx_word' id='word_1_187' title='bbox 1810 1194 2074 1244; x_wconf 77' lang='lat' dir='ltr'>dominorum</span> <span class='ocrx_word' id='word_1_188' title='bbox 2104 1197 2284 1261; x_wconf 73' lang='lat' dir='ltr'>ficorum</span> <span class='ocrx_word' id='word_1_189' title='bbox 2301 1196 2359 1256; x_wconf 85' lang='lat'>”‚</span> 
     </span>
     <span class='ocr_line' id='line_1_17' title="bbox 342 1261 2360 1326; baseline -0.002 -8"><span class='ocrx_word' id='word_1_190' title='bbox 342 1269 535 1318; x_wconf 88' lang='lat' dir='ltr'>Matth:</span> <span class='ocrx_word' id='word_1_191' title='bbox 571 1282 663 1315; x_wconf 85' lang='lat' dir='ltr'>xv:</span> <span class='ocrx_word' id='word_1_192' title='bbox 706 1265 786 1315; x_wconf 85' lang='lat'>26.</span> <span class='ocrx_word' id='word_1_193' title='bbox 828 1280 906 1324; x_wconf 87' lang='lat'>27.</span> <span class='ocrx_word' id='word_1_194' title='bbox 943 1263 1113 1314; x_wconf 85' lang='lat' dir='ltr'>Marc:</span> <span class='ocrx_word' id='word_1_195' title='bbox 1152 1276 1274 1310; x_wconf 81' lang='lat' dir='ltr'>vn:</span> <span class='ocrx_word' id='word_1_196' title='bbox 1315 1261 1393 1308; x_wconf 83' lang='lat'>26.</span> <span class='ocrx_word' id='word_1_197' title='bbox 1420 1277 1504 1324; x_wconf 71' lang='lat'>27.</span> <span class='ocrx_word' id='word_1_198' title='bbox 1536 1261 1665 1326; x_wconf 88' lang='lat' dir='ltr'>quod</span> <span class='ocrx_word' id='word_1_199' title='bbox 1691 1262 1764 1310; x_wconf 91' lang='lat' dir='ltr'>hic</span> <span class='ocrx_word' id='word_1_200' title='bbox 1788 1278 1865 1325; x_wconf 89' lang='lat' dir='ltr'>per</span> <span class='ocrx_word' id='word_1_201' title='bbox 1887 1278 2020 1311; x_wconf 84' lang='lat' dir='ltr'>canes</span> <span class='ocrx_word' id='word_1_202' title='bbox 2043 1262 2360 1326; x_wconf 78' lang='lat' dir='ltr'>significentur</span> 
     </span>
     <span class='ocr_line' id='line_1_18' title="bbox 348 1326 2356 1401; baseline -0.002 -17"><span class='ocrx_word' id='word_1_203' title='bbox 348 1337 415 1384; x_wconf 91' lang='lat' dir='ltr'>illi</span> <span class='ocrx_word' id='word_1_204' title='bbox 440 1335 522 1401; x_wconf 90' lang='lat' dir='ltr'>qui</span> <span class='ocrx_word' id='word_1_205' title='bbox 544 1346 671 1382; x_wconf 84' lang='lat' dir='ltr'>extra</span> <span class='ocrx_word' id='word_1_206' title='bbox 694 1331 942 1382; x_wconf 73' lang='lat' dir='ltr'>Ecclesiam</span> <span class='ocrx_word' id='word_1_207' title='bbox 967 1341 1110 1385; x_wconf 90' lang='lat' dir='ltr'>erant,</span> <span class='ocrx_word' id='word_1_208' title='bbox 1146 1329 1196 1377; x_wconf 87' lang='lat'>&amp;</span> <span class='ocrx_word' id='word_1_209' title='bbox 1220 1344 1301 1392; x_wconf 91' lang='lat' dir='ltr'>per</span> <span class='ocrx_word' id='word_1_210' title='bbox 1328 1326 1447 1376; x_wconf 85' lang='lat' dir='ltr'>filios</span> <span class='ocrx_word' id='word_1_211' title='bbox 1470 1329 1552 1393; x_wconf 94' lang='lat' dir='ltr'>qui</span> <span class='ocrx_word' id='word_1_212' title='bbox 1579 1328 1692 1378; x_wconf 89' lang='lat' dir='ltr'>intra</span> <span class='ocrx_word' id='word_1_213' title='bbox 1722 1328 1992 1387; x_wconf 73' lang='lat' dir='ltr'>Ecclesiam,</span> <span class='ocrx_word' id='word_1_214' title='bbox 2029 1342 2187 1394; x_wconf 84' lang='lat' dir='ltr'>patet:</span> <span class='ocrx_word' id='word_1_215' title='bbox 2211 1331 2356 1379; x_wconf 56' lang='lat' dir='ltr'>&gt;fimi-</span> 
     </span>
     <span class='ocr_line' id='line_1_19' title="bbox 345 1394 2357 1466; baseline -0.002 -15"><span class='ocrx_word' id='word_1_216' title='bbox 345 1405 450 1451; x_wconf 81' lang='lat' dir='ltr'>liter</span> <span class='ocrx_word' id='word_1_217' title='bbox 472 1400 596 1466; x_wconf 88' lang='lat' dir='ltr'>apud</span> <span class='ocrx_word' id='word_1_218' title='bbox 623 1400 799 1448; x_wconf 90' lang='lat' dir='ltr'>Lucam</span> <span class='ocrx_word' id='word_1_219' title='bbox 852 1406 886 1429; x_wconf 90' lang='lat'><strong>“</strong></span> <span class='ocrx_word' id='word_1_220' title='bbox 905 1397 1075 1445; x_wconf 88' lang='lat' dir='ltr'>Homo</span> <span class='ocrx_word' id='word_1_221' title='bbox 1107 1394 1298 1460; x_wconf 87' lang='lat' dir='ltr'>quidam</span> <span class='ocrx_word' id='word_1_222' title='bbox 1345 1406 1440 1442; x_wconf 89' lang='lat' dir='ltr'>erat</span> <span class='ocrx_word' id='word_1_223' title='bbox 1472 1394 1620 1452; x_wconf 90' lang='lat' dir='ltr'>dives,</span> <span class='ocrx_word' id='word_1_224' title='bbox 1660 1395 1742 1461; x_wconf 92' lang='lat' dir='ltr'>qui</span> <span class='ocrx_word' id='word_1_225' title='bbox 1778 1395 2051 1444; x_wconf 87' lang='lat' dir='ltr'>induebatur</span> <span class='ocrx_word' id='word_1_226' title='bbox 2073 1411 2272 1461; x_wconf 85' lang='lat' dir='ltr'>purpura</span> <span class='ocrx_word' id='word_1_227' title='bbox 2303 1398 2357 1447; x_wconf 77' lang='grc' dir='ltr'>δε</span> 
     </span>
     <span class='ocr_line' id='line_1_20' title="bbox 351 1460 2361 1532; baseline -0.002 -15"><span class='ocrx_word' id='word_1_228' title='bbox 351 1470 481 1532; x_wconf 79' lang='lat' dir='ltr'>bysso</span> <span class='ocrx_word' id='word_1_229' title='bbox 500 1490 514 1523; x_wconf 89' lang='lat'>;</span> <span class='ocrx_word' id='word_1_230' title='bbox 550 1469 596 1515; x_wconf 90' lang='lat'>&amp;</span> <span class='ocrx_word' id='word_1_231' title='bbox 618 1465 842 1531; x_wconf 90' lang='lat' dir='ltr'>quotodie</span> <span class='ocrx_word' id='word_1_232' title='bbox 864 1463 1121 1513; x_wconf 70' lang='lat' dir='ltr'>obleEtabat</span> <span class='ocrx_word' id='word_1_233' title='bbox 1148 1460 1190 1508; x_wconf 86' lang='lat' dir='ltr'>se</span> <span class='ocrx_word' id='word_1_234' title='bbox 1212 1460 1476 1525; x_wconf 86' lang='lat' dir='ltr'>splendide:</span> <span class='ocrx_word' id='word_1_235' title='bbox 1516 1477 1686 1526; x_wconf 89' lang='lat' dir='ltr'>pauper</span> <span class='ocrx_word' id='word_1_236' title='bbox 1710 1477 1819 1509; x_wconf 86' lang='lat' dir='ltr'>vero</span> <span class='ocrx_word' id='word_1_237' title='bbox 1847 1464 1926 1526; x_wconf 89' lang='lat' dir='ltr'>qui</span> <span class='ocrx_word' id='word_1_238' title='bbox 1945 1475 2036 1511; x_wconf 86' lang='lat' dir='ltr'>etat</span> <span class='ocrx_word' id='word_1_239' title='bbox 2059 1465 2250 1512; x_wconf 87' lang='lat' dir='ltr'>nomine</span> <span class='ocrx_word' id='word_1_240' title='bbox 2265 1462 2361 1513; x_wconf 89' lang='lat' dir='ltr'>La-</span> 
     </span>
     <span class='ocr_line' id='line_1_21' title="bbox 350 1526 2360 1599; baseline -0.002 -17"><span class='ocrx_word' id='word_1_241' title='bbox 350 1553 495 1593; x_wconf 80' lang='lat' dir='ltr'>zarus,</span> <span class='ocrx_word' id='word_1_242' title='bbox 532 1537 612 1599; x_wconf 89' lang='lat' dir='ltr'>qui</span> <span class='ocrx_word' id='word_1_243' title='bbox 640 1531 863 1597; x_wconf 69' lang='lat' dir='ltr'>projetftus</span> <span class='ocrx_word' id='word_1_244' title='bbox 880 1531 938 1578; x_wconf 89' lang='lat' dir='ltr'>ad</span> <span class='ocrx_word' id='word_1_245' title='bbox 957 1528 1145 1594; x_wconf 89' lang='lat' dir='ltr'>januam</span> <span class='ocrx_word' id='word_1_246' title='bbox 1171 1526 1264 1593; x_wconf 89' lang='lat' dir='ltr'>ejus</span> <span class='ocrx_word' id='word_1_247' title='bbox 1289 1526 1532 1585; x_wconf 75' lang='lat' dir='ltr'>ulcerosuS,</span> <span class='ocrx_word' id='word_1_248' title='bbox 1571 1529 1621 1577; x_wconf 77' lang='grc' dir='ltr'>ὅτ.</span> <span class='ocrx_word' id='word_1_249' title='bbox 1645 1529 1897 1577; x_wconf 83' lang='lat' dir='ltr'>desiderans</span> <span class='ocrx_word' id='word_1_250' title='bbox 1909 1532 2114 1591; x_wconf 85' lang='lat' dir='ltr'>saturari</span> <span class='ocrx_word' id='word_1_251' title='bbox 2136 1532 2254 1580; x_wconf 81' lang='lat' dir='ltr'>micis</span> <span class='ocrx_word' id='word_1_252' title='bbox 2284 1547 2360 1579; x_wconf 86' lang='lat' dir='ltr'>ca-</span> 
     </span>
     <span class='ocr_line' id='line_1_22' title="bbox 346 1594 2355 1661; baseline -0.002 -10"><span class='ocrx_word' id='word_1_253' title='bbox 346 1602 544 1651; x_wconf 75' lang='lat' dir='ltr'>dentibus</span> <span class='ocrx_word' id='word_1_254' title='bbox 559 1600 610 1648; x_wconf 83' lang='lat' dir='ltr'>de</span> <span class='ocrx_word' id='word_1_255' title='bbox 627 1598 761 1661; x_wconf 83' lang='lat' dir='ltr'>mensa</span> <span class='ocrx_word' id='word_1_256' title='bbox 783 1597 935 1646; x_wconf 79' lang='lat' dir='ltr'>divitis</span> <span class='ocrx_word' id='word_1_257' title='bbox 956 1617 971 1652; x_wconf 72' lang='lat'>5</span> <span class='ocrx_word' id='word_1_258' title='bbox 1009 1595 1083 1644; x_wconf 88' lang='lat' dir='ltr'>sed</span> <span class='ocrx_word' id='word_1_259' title='bbox 1108 1596 1160 1644; x_wconf 83' lang='lat'>&amp;</span> <span class='ocrx_word' id='word_1_260' title='bbox 1194 1610 1322 1644; x_wconf 81' lang='lat' dir='ltr'>canes</span> <span class='ocrx_word' id='word_1_261' title='bbox 1348 1595 1580 1642; x_wconf 85' lang='lat' dir='ltr'>venientes</span> <span class='ocrx_word' id='word_1_262' title='bbox 1615 1594 1851 1658; x_wconf 88' lang='lat' dir='ltr'>lingebant</span> <span class='ocrx_word' id='word_1_263' title='bbox 1874 1597 2021 1644; x_wconf 89' lang='lat' dir='ltr'>ulcera</span> <span class='ocrx_word' id='word_1_264' title='bbox 2045 1595 2140 1658; x_wconf 89' lang='lat' dir='ltr'>ejus</span> <span class='ocrx_word' id='word_1_265' title='bbox 2157 1595 2192 1616; x_wconf 91' lang='lat'><strong>”</strong></span> <span class='ocrx_word' id='word_1_266' title='bbox 2226 1612 2320 1646; x_wconf 83' lang='lat' dir='ltr'>xv1</span> <span class='ocrx_word' id='word_1_267' title='bbox 2338 1614 2355 1646; x_wconf 74' lang='grc' dir='ltr'><strong><em>ε</em></strong></span> 
     </span>
     <span class='ocr_line' id='line_1_23' title="bbox 357 1660 2359 1734; baseline -0.004 -14"><span class='ocrx_word' id='word_1_268' title='bbox 357 1686 435 1734; x_wconf 89' lang='lat'>19.</span> <span class='ocrx_word' id='word_1_269' title='bbox 457 1684 536 1718; x_wconf 87' lang='lat'>20.</span> <span class='ocrx_word' id='word_1_270' title='bbox 550 1685 574 1716; x_wconf 84' lang='lat'><strong>2</strong></span> <span class='ocrx_word' id='word_1_271' title='bbox 587 1685 630 1722; x_wconf 90' lang='lat'>1,</span> <span class='ocrx_word' id='word_1_272' title='bbox 657 1681 738 1731; x_wconf 87' lang='lat' dir='ltr'>per</span> <span class='ocrx_word' id='word_1_273' title='bbox 756 1664 950 1712; x_wconf 87' lang='lat' dir='ltr'>divitem</span> <span class='ocrx_word' id='word_1_274' title='bbox 968 1664 1186 1711; x_wconf 88' lang='lat' dir='ltr'>indutum</span> <span class='ocrx_word' id='word_1_275' title='bbox 1206 1677 1403 1726; x_wconf 85' lang='lat' dir='ltr'>purpura</span> <span class='ocrx_word' id='word_1_276' title='bbox 1417 1660 1466 1710; x_wconf 75' lang='grc' dir='ltr'>δε</span> <span class='ocrx_word' id='word_1_277' title='bbox 1481 1661 1612 1726; x_wconf 86' lang='lat' dir='ltr'>bysso</span> <span class='ocrx_word' id='word_1_278' title='bbox 1630 1661 1938 1724; x_wconf 77' lang='lat' dir='ltr'>significantur</span> <span class='ocrx_word' id='word_1_279' title='bbox 1954 1662 2038 1728; x_wconf 88' lang='lat' dir='ltr'>qui</span> <span class='ocrx_word' id='word_1_280' title='bbox 2062 1663 2175 1711; x_wconf 85' lang='lat' dir='ltr'>intra</span> <span class='ocrx_word' id='word_1_281' title='bbox 2191 1662 2359 1712; x_wconf 91' lang='lat' dir='ltr'>Eccle-</span> 
     </span>
     <span class='ocr_line' id='line_1_24' title="bbox 350 1727 2354 1798; baseline -0.002 -14"><span class='ocrx_word' id='word_1_282' title='bbox 350 1736 457 1784; x_wconf 82' lang='lat' dir='ltr'>fiam</span> <span class='ocrx_word' id='word_1_283' title='bbox 485 1735 599 1791; x_wconf 88' lang='lat' dir='ltr'>sunt,</span> <span class='ocrx_word' id='word_1_284' title='bbox 637 1747 839 1798; x_wconf 86' lang='lat' dir='ltr'>purpura</span> <span class='ocrx_word' id='word_1_285' title='bbox 860 1731 910 1780; x_wconf 87' lang='lat'>&amp;</span> <span class='ocrx_word' id='word_1_286' title='bbox 936 1728 1104 1793; x_wconf 75' lang='lat' dir='ltr'>byfl‘uS,</span> <span class='ocrx_word' id='word_1_287' title='bbox 1140 1729 1309 1792; x_wconf 87' lang='lat' dir='ltr'>quibus</span> <span class='ocrx_word' id='word_1_288' title='bbox 1344 1728 1549 1787; x_wconf 77' lang='lat' dir='ltr'>indutuS,</span> <span class='ocrx_word' id='word_1_289' title='bbox 1590 1727 1687 1777; x_wconf 91' lang='lat' dir='ltr'>sunt</span> <span class='ocrx_word' id='word_1_290' title='bbox 1723 1728 2011 1791; x_wconf 82' lang='lat' dir='ltr'>cognitiones</span> <span class='ocrx_word' id='word_1_291' title='bbox 2045 1729 2230 1778; x_wconf 86' lang='lat' dir='ltr'>boni&amp;</span> <span class='ocrx_word' id='word_1_292' title='bbox 2252 1728 2354 1779; x_wconf 78' lang='lat' dir='ltr'>veri</span> 
     </span>
     <span class='ocr_line' id='line_1_25' title="bbox 347 1795 2358 1863; baseline -0.002 -12"><span class='ocrx_word' id='word_1_293' title='bbox 347 1819 407 1851; x_wconf 86' lang='lat' dir='ltr'>ex</span> <span class='ocrx_word' id='word_1_294' title='bbox 432 1802 626 1855; x_wconf 88' lang='lat' dir='ltr'>Verbo·,</span> <span class='ocrx_word' id='word_1_295' title='bbox 663 1814 743 1863; x_wconf 91' lang='lat' dir='ltr'>per</span> <span class='ocrx_word' id='word_1_296' title='bbox 783 1813 1031 1863; x_wconf 85' lang='lat' dir='ltr'>pauperem</span> <span class='ocrx_word' id='word_1_297' title='bbox 1077 1796 1384 1860; x_wconf 74' lang='lat' dir='ltr'>significantur</span> <span class='ocrx_word' id='word_1_298' title='bbox 1424 1795 1506 1860; x_wconf 90' lang='lat' dir='ltr'>qui</span> <span class='ocrx_word' id='word_1_299' title='bbox 1547 1795 1663 1843; x_wconf 89' lang='lat' dir='ltr'>intra</span> <span class='ocrx_word' id='word_1_300' title='bbox 1701 1795 1953 1846; x_wconf 84' lang='lat' dir='ltr'>Ecclesiam</span> <span class='ocrx_word' id='word_1_301' title='bbox 1984 1796 2032 1845; x_wconf 91' lang='lat' dir='ltr'>in</span> <span class='ocrx_word' id='word_1_302' title='bbox 2058 1811 2206 1860; x_wconf 92' lang='lat' dir='ltr'>pauco</span> <span class='ocrx_word' id='word_1_303' title='bbox 2229 1797 2358 1846; x_wconf 90' lang='lat' dir='ltr'>bono</span> 
     </span>
     <span class='ocr_line' id='line_1_26' title="bbox 349 1859 2358 1929; baseline -0.003 -10"><span class='ocrx_word' id='word_1_304' title='bbox 349 1870 455 1919; x_wconf 90' lang='lat' dir='ltr'>sunt</span> <span class='ocrx_word' id='word_1_305' title='bbox 491 1884 547 1915; x_wconf 86' lang='lat' dir='ltr'>ex</span> <span class='ocrx_word' id='word_1_306' title='bbox 581 1867 836 1929; x_wconf 85' lang='lat' dir='ltr'>ignorantia</span> <span class='ocrx_word' id='word_1_307' title='bbox 869 1864 983 1921; x_wconf 88' lang='lat' dir='ltr'>veri,</span> <span class='ocrx_word' id='word_1_308' title='bbox 1018 1864 1067 1912; x_wconf 77' lang='grc' dir='ltr'>δι</span> <span class='ocrx_word' id='word_1_309' title='bbox 1105 1860 1246 1927; x_wconf 91' lang='lat' dir='ltr'>usque</span> <span class='ocrx_word' id='word_1_310' title='bbox 1267 1862 1522 1911; x_wconf 77' lang='lat' dir='ltr'>desiderant</span> <span class='ocrx_word' id='word_1_311' title='bbox 1545 1859 1720 1918; x_wconf 86' lang='lat' dir='ltr'>instrui,</span> <span class='ocrx_word' id='word_1_312' title='bbox 1756 1878 1815 1910; x_wconf 90' lang='lat' dir='ltr'>n:</span> <span class='ocrx_word' id='word_1_313' title='bbox 1841 1877 2014 1927; x_wconf 84' lang='lat'>9209;</span> <span class='ocrx_word' id='word_1_314' title='bbox 2050 1862 2176 1927; x_wconf 91' lang='lat' dir='ltr'>quod</span> <span class='ocrx_word' id='word_1_315' title='bbox 2201 1862 2358 1914; x_wconf 85' lang='lat' dir='ltr'>Laza-</span> 
     </span>
     <span class='ocr_line' id='line_1_27' title="bbox 350 1926 2359 1994; baseline -0.003 -9"><span class='ocrx_word' id='word_1_316' title='bbox 350 1953 426 1985; x_wconf 81' lang='lat' dir='ltr'>rus</span> <span class='ocrx_word' id='word_1_317' title='bbox 451 1934 597 1984; x_wconf 67' lang='lat' dir='ltr'>dietus</span> <span class='ocrx_word' id='word_1_318' title='bbox 622 1933 692 1990; x_wconf 86' lang='lat' dir='ltr'>fit,</span> <span class='ocrx_word' id='word_1_319' title='bbox 717 1946 812 1981; x_wconf 90' lang='lat' dir='ltr'>erat</span> <span class='ocrx_word' id='word_1_320' title='bbox 826 1947 883 1979; x_wconf 89' lang='lat' dir='ltr'>ex</span> <span class='ocrx_word' id='word_1_321' title='bbox 910 1931 1089 1978; x_wconf 92' lang='lat' dir='ltr'>Lazaro</span> <span class='ocrx_word' id='word_1_322' title='bbox 1111 1933 1189 1993; x_wconf 89' lang='lat' dir='ltr'>qui</span> <span class='ocrx_word' id='word_1_323' title='bbox 1215 1928 1505 1978; x_wconf 87' lang='lat' dir='ltr'>exsuscitatus</span> <span class='ocrx_word' id='word_1_324' title='bbox 1524 1945 1550 1976; x_wconf 92' lang='lat' dir='ltr'>a</span> <span class='ocrx_word' id='word_1_325' title='bbox 1575 1929 1805 1987; x_wconf 87' lang='lat' dir='ltr'>Domino,</span> <span class='ocrx_word' id='word_1_326' title='bbox 1829 1930 1887 1977; x_wconf 89' lang='lat' dir='ltr'>de</span> <span class='ocrx_word' id='word_1_327' title='bbox 1903 1926 2000 1994; x_wconf 84' lang='lat' dir='ltr'>quo</span> <span class='ocrx_word' id='word_1_328' title='bbox 2017 1930 2204 1988; x_wconf 89' lang='lat' dir='ltr'>dicitur,</span> <span class='ocrx_word' id='word_1_329' title='bbox 2223 1929 2359 1994; x_wconf 86' lang='lat' dir='ltr'>quod</span> 
     </span>
     <span class='ocr_line' id='line_1_28' title="bbox 351 1996 2355 2061; baseline -0.002 -10"><span class='ocrx_word' id='word_1_330' title='bbox 351 2004 488 2053; x_wconf 88' lang='lat' dir='ltr'>illurn</span> <span class='ocrx_word' id='word_1_331' title='bbox 516 2001 741 2049; x_wconf 80' lang='lat' dir='ltr'>amaverit</span> <span class='ocrx_word' id='word_1_332' title='bbox 765 1998 1015 2054; x_wconf 88' lang='lat' dir='ltr'>Dominus,</span> <span class='ocrx_word' id='word_1_333' title='bbox 1052 1996 1149 2060; x_wconf 90' lang='lat' dir='ltr'>Joh</span> <span class='ocrx_word' id='word_1_334' title='bbox 1170 2014 1180 2043; x_wconf 92' lang='lat'>:</span> <span class='ocrx_word' id='word_1_335' title='bbox 1217 2012 1273 2046; x_wconf 81' lang='lat' dir='ltr'>xt</span> <span class='ocrx_word' id='word_1_336' title='bbox 1294 2013 1305 2044; x_wconf 93' lang='lat'><strong>:</strong></span> <span class='ocrx_word' id='word_1_337' title='bbox 1336 2013 1378 2047; x_wconf 82' lang='lat' dir='ltr'>t.</span> <span class='ocrx_word' id='word_1_338' title='bbox 1402 2010 1444 2044; x_wconf 85' lang='lat'>2.</span> <span class='ocrx_word' id='word_1_339' title='bbox 1474 2013 1518 2059; x_wconf 84' lang='lat'>3.</span> <span class='ocrx_word' id='word_1_340' title='bbox 1539 1997 1601 2060; x_wconf 84' lang='lat'>36</span> <span class='ocrx_word' id='word_1_341' title='bbox 1623 2019 1636 2051; x_wconf 87' lang='lat'>;</span> <span class='ocrx_word' id='word_1_342' title='bbox 1674 1998 1723 2045; x_wconf 76' lang='grc' dir='ltr'>δε</span> <span class='ocrx_word' id='word_1_343' title='bbox 1740 1996 1871 2061; x_wconf 89' lang='lat' dir='ltr'>quod</span> <span class='ocrx_word' id='word_1_344' title='bbox 1894 1996 2037 2061; x_wconf 88' lang='lat' dir='ltr'>Ipfius</span> <span class='ocrx_word' id='word_1_345' title='bbox 2058 1997 2232 2046; x_wconf 83' lang='lat' dir='ltr'>a&#39;micus</span> <span class='ocrx_word' id='word_1_346' title='bbox 2255 1997 2355 2047; x_wconf 79' lang='lat' dir='ltr'>sue·</span> 
     </span>
     <span class='ocr_line' id='line_1_29' title="bbox 353 2062 2356 2133; baseline -0.003 -14"><span class='ocrx_word' id='word_1_347' title='bbox 353 2073 430 2127; x_wconf 90' lang='lat' dir='ltr'>rit,</span> <span class='ocrx_word' id='word_1_348' title='bbox 471 2069 595 2133; x_wconf 82' lang='lat' dir='ltr'>Joh:</span> <span class='ocrx_word' id='word_1_349' title='bbox 620 2082 677 2113; x_wconf 72' lang='grc' dir='ltr'>κε</span> <span class='ocrx_word' id='word_1_350' title='bbox 701 2083 711 2114; x_wconf 93' lang='lat'>:</span> <span class='ocrx_word' id='word_1_351' title='bbox 744 2085 759 2115; x_wconf 91' lang='lat'>1</span> <span class='ocrx_word' id='word_1_352' title='bbox 777 2085 818 2123; x_wconf 87' lang='lat'>1,</span> <span class='ocrx_word' id='word_1_353' title='bbox 855 2066 905 2113; x_wconf 75' lang='grc' dir='ltr'>δε</span> <span class='ocrx_word' id='word_1_354' title='bbox 929 2064 1054 2130; x_wconf 90' lang='lat' dir='ltr'>quod</span> <span class='ocrx_word' id='word_1_355' title='bbox 1073 2063 1333 2112; x_wconf 88' lang='lat' dir='ltr'>accubuerit</span> <span class='ocrx_word' id='word_1_356' title='bbox 1365 2079 1474 2111; x_wconf 87' lang='lat' dir='ltr'>cum</span> <span class='ocrx_word' id='word_1_357' title='bbox 1499 2063 1707 2112; x_wconf 87' lang='lat' dir='ltr'>Domino</span> <span class='ocrx_word' id='word_1_358' title='bbox 1732 2063 1789 2111; x_wconf 89' lang='lat' dir='ltr'>ad</span> <span class='ocrx_word' id='word_1_359' title='bbox 1816 2062 2037 2122; x_wconf 89' lang='lat' dir='ltr'>mensam,</span> <span class='ocrx_word' id='word_1_360' title='bbox 2071 2063 2204 2127; x_wconf 89' lang='lat' dir='ltr'>Joh:</span> <span class='ocrx_word' id='word_1_361' title='bbox 2227 2077 2356 2113; x_wconf 72' lang='lat'>111:</span> 
     </span>
     <span class='ocr_line' id='line_1_30' title="bbox 356 2128 2357 2199; baseline -0.003 -13"><span class='ocrx_word' id='word_1_362' title='bbox 356 2153 382 2186; x_wconf 88' lang='lat'>2</span> <span class='ocrx_word' id='word_1_363' title='bbox 407 2158 423 2192; x_wconf 68' lang='grc' dir='ltr'><strong>ς</strong></span> <span class='ocrx_word' id='word_1_364' title='bbox 462 2134 589 2199; x_wconf 91' lang='lat' dir='ltr'>quod</span> <span class='ocrx_word' id='word_1_365' title='bbox 616 2132 793 2181; x_wconf 86' lang='lat' dir='ltr'>saturari</span> <span class='ocrx_word' id='word_1_366' title='bbox 817 2128 1015 2180; x_wconf 85' lang='lat' dir='ltr'>voluerit</span> <span class='ocrx_word' id='word_1_367' title='bbox 1038 2145 1063 2178; x_wconf 90' lang='lat' dir='ltr'>a</span> <span class='ocrx_word' id='word_1_368' title='bbox 1088 2130 1219 2178; x_wconf 85' lang='lat' dir='ltr'>micis</span> <span class='ocrx_word' id='word_1_369' title='bbox 1234 2130 1501 2179; x_wconf 87' lang='lat' dir='ltr'>cadentibus</span> <span class='ocrx_word' id='word_1_370' title='bbox 1523 2146 1549 2177; x_wconf 92' lang='lat' dir='ltr'>e</span> <span class='ocrx_word' id='word_1_371' title='bbox 1574 2130 1731 2178; x_wconf 89' lang='lat' dir='ltr'>mensa</span> <span class='ocrx_word' id='word_1_372' title='bbox 1753 2128 1930 2189; x_wconf 84' lang='lat' dir='ltr'>divitis,</span> <span class='ocrx_word' id='word_1_373' title='bbox 1966 2129 2254 2194; x_wconf 75' lang='lat' dir='ltr'>significabat</span> <span class='ocrx_word' id='word_1_374' title='bbox 2273 2130 2357 2179; x_wconf 89' lang='lat' dir='ltr'>de-</span> 
     </span>
     <span class='ocr_line' id='line_1_31' title="bbox 353 2196 2355 2263; baseline -0.003 -12"><span class='ocrx_word' id='word_1_375' title='bbox 353 2204 572 2252; x_wconf 82' lang='lat' dir='ltr'>fidetium</span> <span class='ocrx_word' id='word_1_376' title='bbox 607 2198 702 2263; x_wconf 84' lang='lat' dir='ltr'>ejus</span> <span class='ocrx_word' id='word_1_377' title='bbox 724 2199 923 2248; x_wconf 91' lang='lat' dir='ltr'>discendi</span> <span class='ocrx_word' id='word_1_378' title='bbox 961 2212 1102 2263; x_wconf 91' lang='lat' dir='ltr'>pauca</span> <span class='ocrx_word' id='word_1_379' title='bbox 1137 2213 1246 2246; x_wconf 84' lang='lat' dir='ltr'>vera</span> <span class='ocrx_word' id='word_1_380' title='bbox 1271 2198 1329 2247; x_wconf 89' lang='lat' dir='ltr'>ab</span> <span class='ocrx_word' id='word_1_381' title='bbox 1354 2197 1440 2245; x_wconf 90' lang='lat' dir='ltr'>illis</span> <span class='ocrx_word' id='word_1_382' title='bbox 1462 2201 1545 2262; x_wconf 85' lang='lat' dir='ltr'>qui</span> <span class='ocrx_word' id='word_1_383' title='bbox 1570 2198 1689 2246; x_wconf 89' lang='lat' dir='ltr'>intra</span> <span class='ocrx_word' id='word_1_384' title='bbox 1711 2196 1964 2247; x_wconf 76' lang='lat' dir='ltr'>Ecclesiam</span> <span class='ocrx_word' id='word_1_385' title='bbox 2000 2199 2048 2246; x_wconf 89' lang='lat' dir='ltr'>in</span> <span class='ocrx_word' id='word_1_386' title='bbox 2070 2197 2355 2246; x_wconf 79' lang='lat' dir='ltr'>abundantia.</span> 
     </span>
     <span class='ocr_line' id='line_1_32' title="bbox 355 2263 2357 2332; baseline -0.001 -14"><span class='ocrx_word' id='word_1_387' title='bbox 355 2280 516 2325; x_wconf 56' lang='lat' dir='ltr'>erant,</span> <span class='ocrx_word' id='word_1_388' title='bbox 551 2282 682 2315; x_wconf 89' lang='lat' dir='ltr'>canes</span> <span class='ocrx_word' id='word_1_389' title='bbox 705 2266 785 2332; x_wconf 87' lang='lat' dir='ltr'>qui</span> <span class='ocrx_word' id='word_1_390' title='bbox 813 2265 1047 2330; x_wconf 88' lang='lat' dir='ltr'>lingebant</span> <span class='ocrx_word' id='word_1_391' title='bbox 1069 2264 1214 2312; x_wconf 90' lang='lat' dir='ltr'>ulcera</span> <span class='ocrx_word' id='word_1_392' title='bbox 1238 2263 1349 2330; x_wconf 87' lang='lat' dir='ltr'>ejus,</span> <span class='ocrx_word' id='word_1_393' title='bbox 1385 2265 1486 2312; x_wconf 89' lang='lat' dir='ltr'>sunt</span> <span class='ocrx_word' id='word_1_394' title='bbox 1509 2264 1592 2327; x_wconf 91' lang='lat' dir='ltr'>qui</span> <span class='ocrx_word' id='word_1_395' title='bbox 1614 2275 1740 2313; x_wconf 86' lang='lat' dir='ltr'>extra</span> <span class='ocrx_word' id='word_1_396' title='bbox 1766 2263 2014 2314; x_wconf 80' lang='lat' dir='ltr'>Ecclesiam</span> <span class='ocrx_word' id='word_1_397' title='bbox 2033 2265 2137 2313; x_wconf 89' lang='lat' dir='ltr'>sunt</span> <span class='ocrx_word' id='word_1_398' title='bbox 2159 2264 2205 2313; x_wconf 89' lang='lat' dir='ltr'>in</span> <span class='ocrx_word' id='word_1_399' title='bbox 2228 2264 2357 2315; x_wconf 86' lang='lat' dir='ltr'>bono</span> 
     </span>
     <span class='ocr_line' id='line_1_33' title="bbox 354 2330 2350 2398; baseline -0.004 -11"><span class='ocrx_word' id='word_1_400' title='bbox 354 2336 534 2387; x_wconf 79' lang='lat' dir='ltr'>tametsi</span> <span class='ocrx_word' id='word_1_401' title='bbox 561 2351 651 2383; x_wconf 90' lang='lat' dir='ltr'>non</span> <span class='ocrx_word' id='word_1_402' title='bbox 674 2334 880 2398; x_wconf 85' lang='lat' dir='ltr'>genuino</span> <span class='ocrx_word' id='word_1_403' title='bbox 902 2331 1029 2389; x_wconf 80' lang='lat' dir='ltr'>fidei,</span> <span class='ocrx_word' id='word_1_404' title='bbox 1064 2331 1239 2394; x_wconf 87' lang='lat' dir='ltr'>lingere</span> <span class='ocrx_word' id='word_1_405' title='bbox 1261 2332 1411 2380; x_wconf 84' lang='lat' dir='ltr'>ulcera</span> <span class='ocrx_word' id='word_1_406' title='bbox 1432 2330 1497 2379; x_wconf 89' lang='lat' dir='ltr'>est</span> <span class='ocrx_word' id='word_1_407' title='bbox 1522 2331 1703 2393; x_wconf 41' lang='lat' dir='ltr'>mederi·</span> <span class='ocrx_word' id='word_1_408' title='bbox 1720 2331 1806 2380; x_wconf 83' lang='lat' dir='ltr'>illis</span> <span class='ocrx_word' id='word_1_409' title='bbox 1839 2331 1984 2381; x_wconf 87' lang='lat' dir='ltr'>modo</span> <span class='ocrx_word' id='word_1_410' title='bbox 2015 2346 2114 2396; x_wconf 92' lang='lat' dir='ltr'>quo</span> <span class='ocrx_word' id='word_1_411' title='bbox 2146 2330 2350 2396; x_wconf 84' lang='lat' dir='ltr'>poffunt.</span> 
     </span>
     <span class='ocr_line' id='line_1_34' title="bbox 358 2394 2354 2468; baseline -0.003 -15"><span class='ocrx_word' id='word_1_412' title='bbox 358 2403 507 2468; x_wconf 88' lang='lat' dir='ltr'>Apud</span> <span class='ocrx_word' id='word_1_413' title='bbox 533 2402 794 2464; x_wconf 87' lang='lat' dir='ltr'>Johannem</span> <span class='ocrx_word' id='word_1_414' title='bbox 854 2400 1018 2464; x_wconf 84' lang='lat' dir='ltr'>“foris</span> <span class='ocrx_word' id='word_1_415' title='bbox 1039 2400 1142 2462; x_wconf 68' lang='lat' dir='ltr'>stent</span> <span class='ocrx_word' id='word_1_416' title='bbox 1177 2414 1318 2455; x_wconf 84' lang='lat' dir='ltr'>canes,</span> <span class='ocrx_word' id='word_1_417' title='bbox 1354 2398 1672 2456; x_wconf 89' lang='lat' dir='ltr'>incantatores,</span> <span class='ocrx_word' id='word_1_418' title='bbox 1717 2399 1768 2447; x_wconf 88' lang='lat'>&amp;</span> <span class='ocrx_word' id='word_1_419' title='bbox 1802 2397 2065 2448; x_wconf 87' lang='lat' dir='ltr'>scortatores</span> <span class='ocrx_word' id='word_1_420' title='bbox 2084 2394 2116 2420; x_wconf 75' lang='lat'>&#39;⁹</span> <span class='ocrx_word' id='word_1_421' title='bbox 2172 2397 2314 2463; x_wconf 92' lang='lat' dir='ltr'>Apoc</span> <span class='ocrx_word' id='word_1_422' title='bbox 2331 2433 2354 2447; x_wconf 80' lang='grc'>,.</span> 
     </span>
     <span class='ocr_line' id='line_1_35' title="bbox 358 2462 2352 2531; baseline -0.003 -11"><span class='ocrx_word' id='word_1_423' title='bbox 358 2486 447 2520; x_wconf 75' lang='lat' dir='ltr'>xxx</span> <span class='ocrx_word' id='word_1_424' title='bbox 466 2487 511 2519; x_wconf 92' lang='lat'>1:</span> <span class='ocrx_word' id='word_1_425' title='bbox 546 2483 621 2529; x_wconf 78' lang='lat'>15,</span> <span class='ocrx_word' id='word_1_426' title='bbox 658 2482 808 2524; x_wconf 89' lang='lat' dir='ltr'>canes,</span> <span class='ocrx_word' id='word_1_427' title='bbox 833 2465 1130 2515; x_wconf 88' lang='lat' dir='ltr'>incantatores</span> <span class='ocrx_word' id='word_1_428' title='bbox 1154 2466 1204 2514; x_wconf 73' lang='grc' dir='ltr'>δε</span> <span class='ocrx_word' id='word_1_429' title='bbox 1228 2465 1488 2514; x_wconf 88' lang='lat' dir='ltr'>scortatores</span> <span class='ocrx_word' id='word_1_430' title='bbox 1511 2480 1596 2531; x_wconf 86' lang='lat' dir='ltr'>pro</span> <span class='ocrx_word' id='word_1_431' title='bbox 1637 2465 1723 2516; x_wconf 84' lang='lat' dir='ltr'>illis</span> <span class='ocrx_word' id='word_1_432' title='bbox 1766 2464 1848 2530; x_wconf 90' lang='lat' dir='ltr'>qui</span> <span class='ocrx_word' id='word_1_433' title='bbox 1887 2462 2126 2514; x_wconf 81' lang='lat' dir='ltr'>falsificant</span> <span class='ocrx_word' id='word_1_434' title='bbox 2165 2464 2352 2514; x_wconf 78' lang='lat' dir='ltr'>&#39;bonum</span> 
     </span>
     <span class='ocr_line' id='line_1_36' title="bbox 355 2530 2352 2600; baseline -0.003 -14"><span class='ocrx_word' id='word_1_435' title='bbox 355 2539 411 2586; x_wconf 77' lang='grc' dir='ltr'>δε</span> <span class='ocrx_word' id='word_1_436' title='bbox 446 2552 605 2584; x_wconf 89' lang='lat' dir='ltr'>verum</span> <span class='ocrx_word' id='word_1_437' title='bbox 652 2534 780 2591; x_wconf 88' lang='lat' dir='ltr'>fidei,</span> <span class='ocrx_word' id='word_1_438' title='bbox 831 2536 911 2600; x_wconf 87' lang='lat' dir='ltr'>qui</span> <span class='ocrx_word' id='word_1_439' title='bbox 951 2533 1166 2580; x_wconf 85' lang='lat' dir='ltr'>dicuntur</span> <span class='ocrx_word' id='word_1_440' title='bbox 1211 2531 1319 2581; x_wconf 88' lang='lat' dir='ltr'>foris</span> <span class='ocrx_word' id='word_1_441' title='bbox 1365 2532 1468 2589; x_wconf 82' lang='lat' dir='ltr'>effe,</span> <span class='ocrx_word' id='word_1_442' title='bbox 1523 2547 1633 2580; x_wconf 90' lang='lat' dir='ltr'>cum</span> <span class='ocrx_word' id='word_1_443' title='bbox 1679 2543 1803 2580; x_wconf 87' lang='lat' dir='ltr'>extra</span> <span class='ocrx_word' id='word_1_444' title='bbox 1847 2532 2020 2580; x_wconf 90' lang='lat' dir='ltr'>coelum</span> <span class='ocrx_word' id='word_1_445' title='bbox 2064 2542 2143 2578; x_wconf 92' lang='lat' dir='ltr'>aut</span> <span class='ocrx_word' id='word_1_446' title='bbox 2188 2530 2352 2580; x_wconf 89' lang='lat' dir='ltr'>Eccle-</span> 
     </span>
     <span class='ocr_line' id='line_1_37' title="bbox 358 2596 2352 2665; baseline -0.004 -13"><span class='ocrx_word' id='word_1_447' title='bbox 358 2604 487 2653; x_wconf 82' lang='lat' dir='ltr'>fiam.</span> <span class='ocrx_word' id='word_1_448' title='bbox 555 2600 698 2665; x_wconf 82' lang='lat' dir='ltr'>Qod</span> <span class='ocrx_word' id='word_1_449' title='bbox 725 2601 902 2650; x_wconf 88' lang='lat' dir='ltr'>bonum</span> <span class='ocrx_word' id='word_1_450' title='bbox 920 2599 1229 2656; x_wconf 80' lang='lat' dir='ltr'>falsificatum,</span> <span class='ocrx_word' id='word_1_451' title='bbox 1265 2615 1314 2646; x_wconf 93' lang='lat' dir='ltr'>ac</span> <span class='ocrx_word' id='word_1_452' title='bbox 1334 2600 1400 2647; x_wconf 88' lang='lat' dir='ltr'>ita</span> <span class='ocrx_word' id='word_1_453' title='bbox 1424 2598 1722 2647; x_wconf 87' lang='lat' dir='ltr'>immundum</span> <span class='ocrx_word' id='word_1_454' title='bbox 1758 2598 1949 2656; x_wconf 65' lang='lat' dir='ltr'>factum,</span> <span class='ocrx_word' id='word_1_455' title='bbox 1986 2613 2068 2662; x_wconf 90' lang='lat' dir='ltr'>per</span> <span class='ocrx_word' id='word_1_456' title='bbox 2088 2596 2237 2646; x_wconf 86' lang='lat' dir='ltr'>Canes</span> <span class='ocrx_word' id='word_1_457' title='bbox 2261 2598 2352 2661; x_wconf 85' lang='lat' dir='ltr'>fig-</span> 
     </span>
     <span class='ocr_line' id='line_1_38' title="bbox 358 2663 2351 2731; baseline -0.004 -12"><span class='ocrx_word' id='word_1_458' title='bbox 358 2671 588 2724; x_wconf 58' lang='lat' dir='ltr'>nifizetur,</span> <span class='ocrx_word' id='word_1_459' title='bbox 622 2668 759 2717; x_wconf 85' lang='lat' dir='ltr'>etiam</span> <span class='ocrx_word' id='word_1_460' title='bbox 786 2682 908 2731; x_wconf 83' lang='lat' dir='ltr'>patet</span> <span class='ocrx_word' id='word_1_461' title='bbox 931 2667 1053 2730; x_wconf 87' lang='lat' dir='ltr'>apud</span> <span class='ocrx_word' id='word_1_462' title='bbox 1078 2666 1365 2714; x_wconf 83' lang='lat' dir='ltr'>Matthaeum</span> <span class='ocrx_word' id='word_1_463' title='bbox 1402 2673 1437 2696; x_wconf 72' lang='lat'>‘⁶</span> <span class='ocrx_word' id='word_1_464' title='bbox 1453 2665 1528 2715; x_wconf 84' lang='lat' dir='ltr'>Ne</span> <span class='ocrx_word' id='word_1_465' title='bbox 1542 2664 1651 2713; x_wconf 81' lang='lat' dir='ltr'>detis</span> <span class='ocrx_word' id='word_1_466' title='bbox 1662 2666 1862 2727; x_wconf 70' lang='lat' dir='ltr'>fiznblum</span> <span class='ocrx_word' id='word_1_467' title='bbox 1886 2664 2090 2723; x_wconf 83' lang='lat' dir='ltr'>Canibus,</span> <span class='ocrx_word' id='word_1_468' title='bbox 2128 2663 2351 2730; x_wconf 78' lang='lat' dir='ltr'>ne&#39;proji-</span> 
     </span>
     <span class='ocr_line' id='line_1_39' title="bbox 357 2730 2351 2797; baseline -0.004 -11"><span class='ocrx_word' id='word_1_469' title='bbox 357 2738 446 2786; x_wconf 89' lang='lat' dir='ltr'>cite</span> <span class='ocrx_word' id='word_1_470' title='bbox 469 2736 732 2796; x_wconf 80' lang='lat' dir='ltr'>&#39;margaritas</span> <span class='ocrx_word' id='word_1_471' title='bbox 768 2735 927 2782; x_wconf 88' lang='lat' dir='ltr'>vestras</span> <span class='ocrx_word' id='word_1_472' title='bbox 961 2746 1063 2782; x_wconf 82' lang='lat' dir='ltr'>ante</span> <span class='ocrx_word' id='word_1_473' title='bbox 1089 2748 1250 2796; x_wconf 89' lang='lat' dir='ltr'>porcos</span> <span class='ocrx_word' id='word_1_474' title='bbox 1268 2734 1297 2756; x_wconf 81' lang='lat'>’⁵</span> <span class='ocrx_word' id='word_1_475' title='bbox 1347 2748 1468 2779; x_wconf 88' lang='lat' dir='ltr'>v11:</span> <span class='ocrx_word' id='word_1_476' title='bbox 1497 2734 1540 2780; x_wconf 89' lang='lat'>6.</span> <span class='ocrx_word' id='word_1_477' title='bbox 1612 2732 1760 2797; x_wconf 88' lang='lat' dir='ltr'>Apud</span> <span class='ocrx_word' id='word_1_478' title='bbox 1787 2730 2013 2781; x_wconf 86' lang='lat' dir='ltr'>Moschen</span> <span class='ocrx_word' id='word_1_479' title='bbox 2049 2740 2082 2763; x_wconf 70' lang='lat'>‘⁴</span> <span class='ocrx_word' id='word_1_480' title='bbox 2096 2731 2210 2779; x_wconf 91' lang='lat' dir='ltr'>Non</span> <span class='ocrx_word' id='word_1_481' title='bbox 2237 2731 2351 2779; x_wconf 81' lang='lat' dir='ltr'>infe-</span> 
     </span>
     <span class='ocr_line' id='line_1_40' title="bbox 356 2797 2352 2864; baseline -0.004 -11"><span class='ocrx_word' id='word_1_482' title='bbox 356 2820 433 2853; x_wconf 72' lang='lat' dir='ltr'>tes</span> <span class='ocrx_word' id='word_1_483' title='bbox 456 2802 714 2851; x_wconf 85' lang='lat' dir='ltr'>mercedem</span> <span class='ocrx_word' id='word_1_484' title='bbox 737 2800 886 2858; x_wconf 89' lang='lat' dir='ltr'>scorti,</span> <span class='ocrx_word' id='word_1_485' title='bbox 922 2803 971 2849; x_wconf 80' lang='grc' dir='ltr'>ὅτ</span> <span class='ocrx_word' id='word_1_486' title='bbox 988 2803 1181 2862; x_wconf 85' lang='lat' dir='ltr'>pretium</span> <span class='ocrx_word' id='word_1_487' title='bbox 1216 2800 1361 2855; x_wconf 86' lang='lat' dir='ltr'>Canis,</span> <span class='ocrx_word' id='word_1_488' title='bbox 1398 2801 1443 2846; x_wconf 91' lang='lat' dir='ltr'>in</span> <span class='ocrx_word' id='word_1_489' title='bbox 1471 2799 1682 2846; x_wconf 88' lang='lat' dir='ltr'>Domum</span> <span class='ocrx_word' id='word_1_490' title='bbox 1709 2799 1922 2860; x_wconf 88' lang='lat' dir='ltr'>Jehovae,</span> <span class='ocrx_word' id='word_1_491' title='bbox 1958 2797 2111 2864; x_wconf 91' lang='lat' dir='ltr'>quoad</span> <span class='ocrx_word' id='word_1_492' title='bbox 2133 2799 2352 2847; x_wconf 87' lang='lat' dir='ltr'>votivum</span> 
     </span>
     <span class='ocr_line' id='line_1_41' title="bbox 357 2864 2349 2937; baseline -0.003 -19"><span class='ocrx_word' id='word_1_493' title='bbox 357 2871 693 2937; x_wconf 87' lang='lat' dir='ltr'>quodcunque,</span> <span class='ocrx_word' id='word_1_494' title='bbox 730 2867 841 2932; x_wconf 85' lang='lat' dir='ltr'>quia</span> <span class='ocrx_word' id='word_1_495' title='bbox 874 2866 1158 2916; x_wconf 85' lang='lat' dir='ltr'>abominatio</span> <span class='ocrx_word' id='word_1_496' title='bbox 1193 2867 1283 2913; x_wconf 83' lang='lat' dir='ltr'>Dei</span> <span class='ocrx_word' id='word_1_497' title='bbox 1320 2869 1385 2913; x_wconf 91' lang='lat' dir='ltr'>tui</span> <span class='ocrx_word' id='word_1_498' title='bbox 1409 2866 1549 2913; x_wconf 87' lang='lat' dir='ltr'>ambo</span> <span class='ocrx_word' id='word_1_499' title='bbox 1567 2864 1599 2888; x_wconf 92' lang='lat'>&#39;&#39;</span> <span class='ocrx_word' id='word_1_500' title='bbox 1652 2867 1803 2913; x_wconf 90' lang='lat' dir='ltr'>Deut:</span> <span class='ocrx_word' id='word_1_501' title='bbox 1829 2881 2019 2914; x_wconf 82' lang='lat' dir='ltr'>xxt11:</span> <span class='ocrx_word' id='word_1_502' title='bbox 2051 2882 2140 2930; x_wconf 78' lang='lat'>¹9³</span> <span class='ocrx_word' id='word_1_503' title='bbox 2178 2879 2349 2913; x_wconf 84' lang='lat' dir='ltr'>merces</span> 
     </span>
     <span class='ocr_line' id='line_1_42' title="bbox 358 2931 2439 3002; baseline -0.003 -16"><span class='ocrx_word' id='word_1_504' title='bbox 358 2937 496 2986; x_wconf 82' lang='lat' dir='ltr'>scotti</span> <span class='ocrx_word' id='word_1_505' title='bbox 517 2951 600 3002; x_wconf 91' lang='lat' dir='ltr'>pro</span> <span class='ocrx_word' id='word_1_506' title='bbox 625 2933 862 2982; x_wconf 84' lang='lat' dir='ltr'>falsificatis</span> <span class='ocrx_word' id='word_1_507' title='bbox 879 2949 999 2982; x_wconf 77' lang='lat' dir='ltr'>veris</span> <span class='ocrx_word' id='word_1_508' title='bbox 1018 2931 1165 2987; x_wconf 79' lang='lat' dir='ltr'>fidei·;</span> <span class='ocrx_word' id='word_1_509' title='bbox 1197 2932 1322 2996; x_wconf 85' lang='lat' dir='ltr'>quod</span> <span class='ocrx_word' id='word_1_510' title='bbox 1347 2932 1556 2979; x_wconf 89' lang='lat' dir='ltr'>scortatio</span> <span class='ocrx_word' id='word_1_511' title='bbox 1580 2931 1633 2979; x_wconf 84' lang='lat' dir='ltr'>fit</span> <span class='ocrx_word' id='word_1_512' title='bbox 1656 2933 1898 2980; x_wconf 81' lang='lat' dir='ltr'>falfificatio</span> <span class='ocrx_word' id='word_1_513' title='bbox 1913 2934 2008 2980; x_wconf 85' lang='lat' dir='ltr'>veri</span> <span class='ocrx_word' id='word_1_514' title='bbox 2032 2931 2157 2986; x_wconf 88' lang='lat' dir='ltr'>fidei,</span> <span class='ocrx_word' id='word_1_515' title='bbox 2193 2931 2351 2980; x_wconf 81' lang='lat' dir='ltr'>videa·</span> <span class='ocrx_word' id='word_1_516' title='bbox 2420 2932 2439 2936; x_wconf 62' lang='lat'>“</span> 
     </span>
     <span class='ocr_line' id='line_1_43' title="bbox 363 2998 2438 3065; baseline -0.004 -11"><span class='ocrx_word' id='word_1_517' title='bbox 363 3017 441 3054; x_wconf 86' lang='lat' dir='ltr'>tur</span> <span class='ocrx_word' id='word_1_518' title='bbox 467 3020 527 3050; x_wconf 91' lang='lat' dir='ltr'>n:</span> <span class='ocrx_word' id='word_1_519' title='bbox 555 3002 700 3062; x_wconf 87' lang='lat'><strong>2466.</strong></span> <span class='ocrx_word' id='word_1_520' title='bbox 729 3016 872 3065; x_wconf 80' lang='lat'><strong>27²9·</strong></span> <span class='ocrx_word' id='word_1_521' title='bbox 898 3000 1046 3061; x_wconf 87' lang='lat'><strong>4865.</strong></span> <span class='ocrx_word' id='word_1_522' title='bbox 1070 3002 1215 3062; x_wconf 84' lang='lat'>8904.</span> <span class='ocrx_word' id='word_1_523' title='bbox 1289 2999 1435 3061; x_wconf 85' lang='lat' dir='ltr'>Apud</span> <span class='ocrx_word' id='word_1_524' title='bbox 1461 2998 1689 3046; x_wconf 89' lang='lat' dir='ltr'>Davidem</span> <span class='ocrx_word' id='word_1_525' title='bbox 1728 3007 1761 3029; x_wconf 73' lang='lat'>‘⁶</span> <span class='ocrx_word' id='word_1_526' title='bbox 1781 2998 2158 3048; x_wconf 82' lang='lat' dir='ltr'>Circumdederunt</span> <span class='ocrx_word' id='word_1_527' title='bbox 2179 3014 2246 3046; x_wconf 85' lang='lat' dir='ltr'>me</span> <span class='ocrx_word' id='word_1_528' title='bbox 2276 3011 2352 3047; x_wconf 83' lang='lat' dir='ltr'>ca·</span> <span class='ocrx_word' id='word_1_529' title='bbox 2408 3028 2438 3038; x_wconf 66' lang='grc'>»»</span> 
     </span>
     <span class='ocr_line' id='line_1_44' title="bbox 366 3065 2355 3131; baseline -0.005 -11"><span class='ocrx_word' id='word_1_530' title='bbox 366 3087 458 3128; x_wconf 78' lang='lat' dir='ltr'>nes,</span> <span class='ocrx_word' id='word_1_531' title='bbox 493 3081 635 3118; x_wconf 88' lang='lat' dir='ltr'>caetus</span> <span class='ocrx_word' id='word_1_532' title='bbox 653 3068 959 3131; x_wconf 84' lang='lat' dir='ltr'>malignorum</span> <span class='ocrx_word' id='word_1_533' title='bbox 977 3066 1396 3114; x_wconf 87' lang='lat' dir='ltr'>circumcinxerunt</span> <span class='ocrx_word' id='word_1_534' title='bbox 1421 3080 1509 3122; x_wconf 82' lang='lat' dir='ltr'>me,</span> <span class='ocrx_word' id='word_1_535' title='bbox 1547 3065 1847 3128; x_wconf 85' lang='lat' dir='ltr'>perfodientes</span> <span class='ocrx_word' id='word_1_536' title='bbox 1873 3082 2027 3115; x_wconf 87' lang='lat' dir='ltr'>manus</span> <span class='ocrx_word' id='word_1_537' title='bbox 2052 3080 2175 3112; x_wconf 89' lang='lat' dir='ltr'>meas</span> <span class='ocrx_word' id='word_1_538' title='bbox 2196 3065 2248 3114; x_wconf 74' lang='grc' dir='ltr'>ὅτ.</span> <span class='ocrx_word' id='word_1_539' title='bbox 2271 3081 2355 3130; x_wconf 91' lang='lat' dir='ltr'>pe-</span> 
     </span>
     <span class='ocr_line' id='line_1_45' title="bbox 361 3128 2356 3248; baseline -0.004 -62"><span class='ocrx_word' id='word_1_540' title='bbox 361 3138 445 3187; x_wconf 87' lang='lat' dir='ltr'>des</span> <span class='ocrx_word' id='word_1_541' title='bbox 468 3152 595 3188; x_wconf 83' lang='lat' dir='ltr'>meos</span> <span class='ocrx_word' id='word_1_542' title='bbox 611 3156 629 3193; x_wconf 76' lang='lat'>3</span> <span class='ocrx_word' id='word_1_543' title='bbox 662 3135 799 3186; x_wconf 84' lang='lat' dir='ltr'>libera</span> <span class='ocrx_word' id='word_1_544' title='bbox 822 3149 847 3184; x_wconf 92' lang='lat' dir='ltr'>a</span> <span class='ocrx_word' id='word_1_545' title='bbox 865 3133 1023 3200; x_wconf 88' lang='lat' dir='ltr'>gladio</span> <span class='ocrx_word' id='word_1_546' title='bbox 1054 3135 1257 3185; x_wconf 89' lang='lat' dir='ltr'>animam</span> <span class='ocrx_word' id='word_1_547' title='bbox 1299 3148 1473 3248; x_wconf 47' lang='lat' dir='ltr'>meam,</span> <span class='ocrx_word' id='word_1_548' title='bbox 1506 3132 1558 3182; x_wconf 92' lang='lat'>&amp;</span> <span class='ocrx_word' id='word_1_549' title='bbox 1578 3148 1603 3182; x_wconf 80' lang='lat' dir='ltr'>e</span> <span class='ocrx_word' id='word_1_550' title='bbox 1630 3148 1761 3184; x_wconf 83' lang='lat' dir='ltr'>manu</span> <span class='ocrx_word' id='word_1_551' title='bbox 1790 3135 1911 3183; x_wconf 75' lang='lat' dir='ltr'>tanis</span> <span class='ocrx_word' id='word_1_552' title='bbox 1935 3134 2118 3183; x_wconf 89' lang='lat' dir='ltr'>unicam</span> <span class='ocrx_word' id='word_1_553' title='bbox 2151 3147 2301 3246; x_wconf 73' lang='lat' dir='ltr'>mesam</span> <span class='ocrx_word' id='word_1_554' title='bbox 2319 3128 2356 3151; x_wconf 81' lang='lat'>&#39;³</span> 
     </span>
     <span class='ocr_line' id='line_1_46' title="bbox 1387 3200 2356 3248; baseline 0 -2"><span class='ocrx_word' id='word_1_555' title='bbox 1387 3213 1471 3247; x_wconf 87' lang='lat' dir='ltr'>aa</span> <span class='ocrx_word' id='word_1_556' title='bbox 2173 3200 2356 3248; x_wconf 82' lang='lat' dir='ltr'>Pam:</span> 
     </span>
    </p>
   </div>
  </div>
 </body>
</html>
