2722 3684
469 109 2127 236 CAPUT‘VIGESIMUMPMMUM.
2216 183 2354 250 273

362 293 478 340 snam
514 295 550 321 “
576 281 960 341 Circumdederunt
975 297 1040 330 me
1052 294 1175 344 aquae
1187 282 1588 345 usqueadanimam
1603 294 1744 329 meam
1758 279 1790 304 ’'
1825 296 1867 329 11
1889 298 1904 331 ε
1928 283 1976 340 6,
2009 299 2144 349 aquae
2166 281 2241 331 hcic
2255 299 2351 347 pro

367 357 507 413 fallis,
540 354 597 403 δι’
612 360 807 415 quoque
829 358 915 413 pro
937 346 1268 396 tentationibus
1283 362 1394 412 quae
1417 347 1536 395 fiunt
1559 355 1640 409 per
1664 345 1829 409 injefflt
1851 347 1977 407 falsa,
2017 366 2046 397 n
2069 367 2080 397 :
2104 365 2214 413 705.
2241 356 2359 416 7⁷39.

376 419 802 487 756.·790.*82137.
831 416 976 476 8138.
1005 413 1148 477 8368.
1189 413 1339 479 Apud
1362 412 1683 474 jeremiam>“
1706 414 1929 476 Jehovah-
1959 415 2098 474 dixit,
2146 431 2265 463 num
2297 419 2357 468 de

375 498 530 550 gente,
565 499 674 549 quae
696 481 806 531 ficut
831 480 945 538 haec,
984 496 1066 528 non
1090 480 1288 542 sumserit
1319 480 1518 528 ultionem
1541 480 1687 528 anima
1709 495 1804 528 mea
1818 480 1854 505 '²
1883 497 1951 542 bv:
1983 498 2029 546 9.
2057 498 2134 547 29.
2205 483 2357 546 Apud

378 552 598 602 Eundem
635 557 671 580 ‘⁶
694 547 1052 609 Castigationem
1071 547 1262 595 admitte
1278 546 1623 610 Hierosolyma,
1660 562 1714 595 ne
1731 556 1966 596 avertatur
1980 551 2126 596 anima
2143 563 2235 595 mea
2251 563 2281 594 a
2295 558 2356 606 te,

374 634 429 668 ac
444 617 649 677 redi-gam
665 625 710 662 te
726 614 774 661 in
792 613 1040 661 vastitatem
1058 611 1091 630 '’
1115 628 1167 659 vr
1187 629 1198 659 :
1225 613 1272 668 8,
1295 613 1449 660 anima
1465 623 1573 665 cum
1589 613 1647 662 de
1662 613 1888 671 Domino,
1907 615 1909 617 ’
1924 629 2010 678 pro
2023 614 2200 662 Divino
2215 614 2355 664 Vero.

374 683 523 747 Apud
549 682 810 744 Johannem
857 687 891 710 ‘⁶
915 678 1149 726 Secundus
1174 678 1386 741 Angelus
1423 678 1590 726 effudit
1627 678 1828 743 phialam
1866 679 1990 727 suam
2016 680 2062 728 in
2089 695 2228 736 mare,
2264 679 2357 728 fac·-

377 762 570 812 tumque
589 747 654 795 est
677 746 855 808 sanguis
878 745 990 792 sicut
1014 744 1198 800 mortui,
1222 743 1344 792 unde
1367 746 1499 799 omnis
1520 747 1668 794 anima
1690 748 1846 809 vivens
1868 755 2034 796 mortua
2056 747 2179 807 estin
2199 745 2355 794 mari-’³

382 818 552 877 Apoc:
578 826 663 863 xvi
686 829 696 860 :
730 830 775 875 3,
814 827 932 859 mare
957 826 1042 874 pro
1061 810 1313 858 scientificis
1335 810 1383 858 in
1406 811 1668 874 complexu,
1704 826 1763 859 n:
1791 815 1850 859 28
1873 833 1888 867 ·,
1923 813 2101 875 sanguis
2126 827 2211 877 pro
2235 812 2354 862 veris

378 882 483 930 fidei
508 895 563 929 ex
580 877 723 935 bono,
758 879 809 925 ὅτ
834 877 879 925 in
899 877 1114 940 opposito
1137 876 1263 923 sensu
1294 891 1380 939 pro
1413 876 1532 924 veris
1566 878 1676 925 fidei
1707 875 1944 925 falfificatis
1966 881 2016 927 ὅτ
2041 879 2354 943 prophanatis,

373 964 405 995 n
429 965 437 993 :
464 961 610 1008 4735.
634 949 780 1008 4978.
807 957 954 1008 7317·
982 943 1128 1006 7326,
1165 942 1271 988 inde
1295 943 1447 990 anima
1482 944 1643 990 vivens
1679 957 1766 1006 pro
1797 943 1893 991 vita
1928 960 1987 992 ex
2027 946 2134 993 fide.
2204 945 2358 1009 Apud

376 1013 660 1061 Matthaeurn
697 1018 732 1057 ⁶5
753 1010 824 1058 Ne
836 1008 1009 1071 solliciti
1022 1007 1122 1070 sitis
1139 1010 1296 1056 animae
1312 1008 1464 1069 vestrae
1482 1007 1598 1073 quid
1621 1006 1735 1056 esuri
1762 1008 1869 1067 fitis,
1894 1022 1972 1058 aut
1993 1010 2180 1058 bibituri
2199 1009 2234 1029 ”
2269 1027 2350 1059 vr:

380 1095 461 1140 15,
508 1078 658 1124 anima
679 1076 763 1139 pro
788 1076 908 1122 veris
929 1074 1038 1120 fidei
1061 1094 1076 1128 ;
1110 1075 1239 1122 edere
1263 1075 1312 1122 &
1335 1074 1488 1123 bibere
1511 1089 1597 1138 pro
1620 1074 1778 1122 instrui
1804 1075 1848 1122 in
1874 1076 1997 1124 bono
2020 1077 2071 1124 ὅτ
2093 1090 2205 1125 vero
2227 1075 2355 1133 fidei,

373 1146 422 1192 in
442 1143 564 1192 sensu
588 1144 713 1189 enim
733 1141 907 1188 interno
928 1141 1077 1202 agitur
1095 1138 1157 1187 ibi
1175 1140 1232 1187 de
1256 1139 1347 1188 vita
1373 1139 1592 1204 spirituali
1616 1140 1667 1189 ὅτ
1690 1140 1748 1187 de
1770 1139 1863 1204 ejus
1884 1142 2150 1192 nutritione.
2213 1142 2352 1205 Apud

378 1204 598 1259 Eundem
636 1216 670 1238 “
695 1207 914 1271 Qisquis
953 1205 1052 1254 vult
1074 1205 1278 1253 invenire
1308 1209 1495 1254 animam
1518 1208 1661 1264 suam,
1703 1208 1868 1270 perdet
1907 1209 2052 1266 illam,
2077 1210 2129 1256 δε
2151 1209 2355 1273 quisquis

378 1275 630 1340 perdiderit
643 1275 824 1321 animam
837 1275 964 1334 suam
987 1272 1303 1335 propter'Me,
1340 1272 1542 1320 inveniet
1565 1271 1690 1320 illam
1708 1272 1743 1297 '⁹
1776 1290 1840 1321 x:
1878 1289 1928 1336 9,
1974 1276 2125 1323 anima
2153 1290 2238 1337 pro
2256 1275 2353 1323 vita

375 1342 485 1392 fidei
524 1340 670 1406 qualis
704 1337 768 1386 est
810 1338 1111 1394 credentibus,
1144 1338 1196 1386 ὅτ.
1234 1339 1282 1385 in
1318 1338 1536 1403 opposito
1575 1338 1700 1386 sensu
1741 1355 1827 1405 pro
1849 1342 1943 1388 vita
1959 1356 2051 1388 non
2072 1341 2182 1389 fidei
2204 1340 2358 1406 qualis

378 1402 454 1456 est'
479 1423 570 1454 non
606 1404 909 1453 credentibus.
978 1402 1128 1467 Apud
1165 1403 1344 1452 Lucam
1384 1412 1417 1435 “
1442 1404 1497 1452 In
1528 1405 1745 1470 patientia
1782 1405 1926 1453 vestra
1957 1406 2153 1468 poffldete
2188 1409 2358 1456 animas

374 1475 540 1533 vestras
557 1472 590 1494 ”
626 1486 710 1519 xxx
736 1488 747 1518 :
774 1487 853 1535 29,
870 1469 1090 1534 poffidere
1110 1471 1279 1517 animas
1300 1485 1386 1534 pro
1407 1469 1481 1519 illa
1502 1487 1611 1537 quae
1634 1468 1735 1520 sunt
1755 1472 1863 1521 fidei
1887 1473 1937 1522 δι
1962 1473 2068 1522 inde
2090 1474 2200 1522 vitae
2224 1472 2356 1538 spiri-

375 1540 526 1589 tualis,
595 1537 814 1588 Similiter
834 1537 879 1583 in
904 1535 1200 1599 perplurimis
1218 1535 1315 1585 aliis
1336 1536 1466 1588 locis.

390 1615 392 1619 ’
444 1620 590 1669 905¹·
613 1603 833 1652 ‘Oculum
853 1616 937 1667 pro
954 1602 1102 1659 oculo,
1136 1601 1266 1665 quod
1284 1602 1509 1664 significet
1526 1602 1559 1651 si
1576 1602 1750 1668 aliquid
1768 1603 1812 1652 in
1827 1603 2118 1655 intelleRuali
2134 1609 2356 1671 interiori,

378 1687 548 1736 nempe
572 1669 783 1726 laeserint,
819 1669 991 1716 constat
1002 1683 1061 1716 ex
1077 1667 1407 1731 significatione
1430 1669 1568 1726 oculi,
1602 1669 1733 1734 quod
1751 1671 1805 1718 lit
1822 1671 2096 1732 intellectus,
2132 1675 2208 1726 hic
2227 1679 2358 1727 intel-

380 1738 522 1786 lectus
546 1736 750 1791 interior,
782 1733 909 1798 cujus
933 1735 1022 1782 vita
1045 1734 1108 1782 est
1131 1734 1228 1782 vita
1250 1735 1393 1784 fidei:
1417 1735 1483 1784 est
1506 1735 1683 1784 homini
1710 1734 1963 1787 intellectus
1990 1740 2191 1791 exterior
2214 1745 2264 1793 &
2287 1743 2359 1793 in·-

381 1803 587 1852 tellec'tus
609 1802 812 1857 interior,
860 1800 1115 1849 intelleaeftus
1149 1802 1348 1851 exterior
1369 1800 1434 1849 est
1456 1801 1537 1850 ubi
1559 1802 1780 1866 cogitatio
1800 1819 1909 1866 quae
1933 1805 1990 1853 ad
2016 1810 2360 1874 perceptionem

375 1870 540 1924 venit3
562 1881 608 1919 at
625 1866 878 1917 intellerstus
896 1866 1082 1914 interior
1099 1865 1160 1914 est
1180 1867 1258 1915 ubi
1276 1867 1513 1931 cogitatio,
1535 1882 1646 1931 quae
1663 1884 1753 1916 non
1771 1870 1828 1917 ad
1843 1871 2182 1936 perceptionem
2207 1877 2358 1937 venit,

376 1936 453 1986 sed
475 1935 618 2000 usque
639 1935 699 1983 ad
721 1934 1065 1999 perceptionem
1093 1933 1385 1995 Angelorum
1405 1954 1421 1989 ·,
1457 1933 1531 1982 hic
1549 1935 1817 1984 intelle6tus
1838 1935 1921 1994 est,
1954 1939 2038 2003 qui
2055 1939 2306 1991 illustratur
2326 1960 2355 1992 a

376 2002 589 2051 Domino
609 2016 715 2050 curn
739 2000 884 2050 homo
907 1999 1049 2047 fidem
1073 1999 1251 2064 recipit,
1287 2015 1395 2048 nam
1419 1999 1494 2048 hic
1512 1999 1558 2048 in
1579 2001 1681 2049 luce
1697 2001 1804 2049 coeli
1820 1999 1902 2060 est,
1937 2003 2052 2052 &in
2068 2006 2156 2058 hoc
2176 2008 2242 2056 est
2265 2009 2362 2059 vita

379 2068 584 2117 hominis
605 2065 864 2132 spiritualis,
897 2082 1008 2131 quae
1029 2064 1070 2114 ei
1086 2081 1178 2113 non
1202 2066 1264 2114 ita
1287 2064 1597 2115 manifestatur
1619 2066 1666 2115 in
1689 2068 1881 2125 mund0‚
1916 2068 1991 2118 sed
2017 2071 2063 2118 in
2086 2071 2224 2124 altera
2245 2074 2359 2135 vita,

377 2151 489 2183 cum
513 2134 659 2181 homo
681 2133 737 2181 fit
757 2131 943 2196 angelus
967 2132 1082 2180 int'er
1099 2133 1286 2196 angelos
1307 2133 1355 2180 in
1371 2132 1531 2190 coe103
1566 2133 1732 2182 interea
1754 2135 1865 2182 latet
1888 2135 1964 2183 illa
1984 2139 2080 2186 vita
2105 2139 2293 2190 interius
2310 2143 2359 2192 in

371 2199 657 2263 cogitatione
678 2197 934 2246 intellectus
955 2198 1257 2255 exterioris,ac
1276 2200 1489 2263 producit
1508 2200 1709 2249 lanfium
1726 2201 1779 2249 &
1797 2203 2167 2253 venerabundum
2188 2207 2252 2255 ibi
2271 2223 2360 2273 pro

382 2265 612 2322 Domino,
648 2279 736 2328 pro
755 2279 911 2312 amore
935 2265 986 2313 δι
1009 2264 1100 2312 fide
1120 2264 1167 2311 in
1191 2265 1366 2328 Ipsum,
1400 2281 1487 2330 pro
1515 2265 1695 2324 Verbo,
1730 2267 1782 2315 δε
1804 2282 1891 2332 pro
1913 2269 2099 2334 reliquis
2123 2272 2360 2326 Ecclefiae.

381 2331 523 2395 Qod
539 2331 715 2379 Oculus
727 2329 783 2391 fit
797 2329 1068 2389 intellezstus,
1091 2330 1156 2378 est
1175 2331 1283 2395 quia
1299 2331 1458 2380 oculus
1479 2331 1721 2383 intelleetui
1745 2333 2080 2399 correspondet,
2105 2339 2362 2390 intellestus

378 2399 507 2446 enim
530 2397 689 2453 videt,··
705 2411 764 2443 ex
786 2395 884 2444 luce
906 2397 1033 2452 coeli,
1067 2409 1115 2447 at
1142 2397 1299 2445 oculus
1320 2414 1379 2447 ex
1404 2399 1504 2447 luce
1539 2400 1732 2456 mundi;
1770 2399 1844 2449 illa
1874 2417 1984 2465 quae
2006 2401 2080 2451 ille
2102 2405 2263 2454 oculus
2285 2406 2360 2457 seu

378 2462 634 2512 intellectus
670 2461 815 2527 videt,
855 2460 958 2509 sunt
993 2462 1253 2526 spiritualia,
1288 2463 1343 2512 &²
1362 2471 1552 2528 campus
1574 2465 1832 2514 intuitionis
1852 2466 1948 2530 ejus
1969 2468 2034 2515 est
2059 2468 2359 2521 scientificum

376 2527 505 2594 quod
527 2529 575 2575 in
598 2527 820 2576 memoria
843 2526 1074 2584 homini53
1109 2532 1219 2593 qu'ae
1236 2541 1386 2577 autem
1410 2531 1567 2579 oculus
1589 2541 1798 2579 externus
1823 2531 1965 2591 videt,
2000 2534 2100 2595 sunt
2122 2537 2357 2598 terrestria,

379 2597 432 2644 δε
449 2608 638 2657 campus
653 2589 749 2656 ejus
767 2593 1020 2641 intuitionis
1036 2594 1100 2642 est
1117 2610 1258 2643 omne
1279 2597 1405 2659 quod
1425 2610 1614 2661 apparet
1636 2598 1684 2644 in
1708 2597 1899 2645 mundo.
1968 2600 2111 2663 Qod
2135 2604 2292 2652 oculus
2309 2606 2361 2654 in

379 2659 508 2709 sensu
532 2659 753 2723 spirituali
775 2656 827 2707 fit
848 2659 1118 2718 intelleetus,
1154 2662 1204 2709 &
1222 2677 1407 2726 quoque
1425 2662 1556 2721 fides,
1589 2663 1701 2728 quia
1721 2656 1823 2711 haec
1839 2663 1946 2719 facit
1968 2667 2111 2715 vitam
2137 2669 2359 2720 interioris

384 2725 658 2781 intellectus,
691 2724 896 2774 videatur
919 2742 947 2773 n
967 2741 980 2773 ε
1019 2741 1166 2791 2701.
1188 2744 1315 2791 4403
1336 2727 1392 2776 ad
1412 2743 1563 2787 4421.
1585 2745 1713 2793 4523
1733 2730 1790 2778 ad
1807 2746 1959 2793 4534.
2029 2734 2124 2798 Qi
2146 2752 2236 2783 non
2258 2737 2355 2796 scit,

382 2793 517 2857 quod
538 2790 786 2840 intellectus
809 2805 888 2852 per
901 2791 1090 2839 oculum
1106 2792 1151 2840 in
1171 2793 1647 2859 Verbofiintelligatur,
1684 2811 1774 2843 non
1795 2797 1941 2860 potest
1964 2797 2069 2847 scire
2086 2803 2200 2865 quid
2219 2803 2363 2865 figni-

381 2860 525 2908 ficant
546 2874 655 2923 quae
681 2858 909 2912 Dominus
945 2857 1162 2920 loquutus
1182 2859 1246 2907 est
1269 2859 1326 2908 de
1349 2859 1487 2908 oculo
1509 2862 1632 2924 apud
1657 2861 1985 2923 Evangelistas',
2038 2879 2090 2914 ut
2112 2867 2212 2916 haec
2248 2877 2284 2899 ‘⁶
2309 2870 2360 2918 Si

385 2925 532 2973 oculus
571 2925 718 2972 dexter
750 2921 1117 2983 scandalizaverit
1140 2933 1196 2980 te,
1234 2940 1333 2972 erue
1350 2940 1461 2982 eum,
1516 2926 1668 2975 bonum
1693 2929 1775 2975 tibi
1797 2928 1848 2983 est
1873 2931 2098 2980 unoculum
2112 2934 2282 2996 ‘ingredi
2310 2936 2357 2984 in

388 2993 590 3055 Regnum
631 2991 733 3047 Dei,
765 3006 888 3055 quam
927 2989 1026 3038 duos
1058 2990 1194 3039 oculos
1230 2990 1449 3039 habentem
1486 2994 1633 3055 conjici
1654 2998 1700 3041 in
1715 2994 1947 3058 gehennam
1980 2986 2324 3062 1gnis”'Matth
2342 3018 2358 3050 :

387 3063 561 3119 ;v;„29.
586 3057 985 3118 Marc21x:47·,
1027 3057 1211 3120 quilque
1230 3059 1378 3114 novit,
1412 3060 1545 3121 'qn-ff!
1584 3061 1737 3108 “culus
1775 3077 1869 3109 non
1910 3065 2129 3111 eruendus
2155 3066 2238 3124 fit,
2277 3068 2361 3116 etti

385 3122 676 3192 fiandanzet,
709 3124 760 3174 ἃ,
783 3125 912 3189 quod
952 3139 1088 3173 nemo
1129 3124 1657 3231 unoculuzssfingrffimtur
1693 3128 1741 3176 in
1773 3127 1995 3190 Regnum
2020 3130 2146 3189 Dei3
2181 3131 2255 3179 sed
2281 3148 2363 3197 per

487 3218 494 3224 .
1322 3201 1379 3239 722.
1418 3205 1465 3238 m-
1505 3206 1531 3238 2
2168 3199 2363 3251 oculum
