<?xml version="1.0" encoding="UTF-8"?>
<!DOCTYPE html PUBLIC "-//W3C//DTD XHTML 1.0 Transitional//EN"
    "http://www.w3.org/TR/xhtml1/DTD/xhtml1-transitional.dtd">
<html xmlns="http://www.w3.org/1999/xhtml" xml:lang="en" lang="en">
 <head>
  <title>
</title>
<meta http-equiv="Content-Type" content="text/html;charset=utf-8" />
  <meta name='ocr-system' content='tesseract 3.04.00' />
  <meta name='ocr-capabilities' content='ocr_page ocr_carea ocr_par ocr_line ocrx_word'/>
</head>
<body>
  <div class='ocr_page' id='page_1' title='image "arcanacaelestiaq07sweduoft_0273.png"; bbox 0 0 2722 3684; ppageno 0'>
   <div class='ocr_carea' id='block_1_1' title="bbox 578 191 2416 301">
    <p class='ocr_par' dir='ltr' id='par_1_1' title="bbox 578 191 2416 301">
     <span class='ocr_line' id='line_1_1' title="bbox 578 191 2416 301; baseline 0.003 -28"><span class='ocrx_word' id='word_1_1' title='bbox 578 191 957 279; x_wconf 74' lang='lat' dir='ltr'>CAPUT</span> <span class='ocrx_word' id='word_1_2' title='bbox 1028 203 1687 268; x_wconf 76' lang='lat' dir='ltr'><strong>VJGESJMUM</strong></span> <span class='ocrx_word' id='word_1_3' title='bbox 1753 204 2226 278; x_wconf 78' lang='lat' dir='ltr'><strong>PRIMUM</strong></span> <span class='ocrx_word' id='word_1_4' title='bbox 2288 219 2416 301; x_wconf 79' lang='lat'>267</span> 
     </span>
    </p>
   </div>
   <div class='ocr_carea' id='block_1_2' title="bbox 389 342 2418 3161">
    <p class='ocr_par' dir='ltr' id='par_1_2' title="bbox 445 342 2418 996">
     <span class='ocr_line' id='line_1_2' title="bbox 449 342 2412 408; baseline 0.006 -18"><span class='ocrx_word' id='word_1_5' title='bbox 449 343 640 401; x_wconf 87' lang='lat' dir='ltr'>buntur,</span> <span class='ocrx_word' id='word_1_6' title='bbox 676 342 756 391; x_wconf 89' lang='lat' dir='ltr'>ubi</span> <span class='ocrx_word' id='word_1_7' title='bbox 779 357 940 392; x_wconf 81' lang='lat' dir='ltr'>vetum</span> <span class='ocrx_word' id='word_1_8' title='bbox 963 344 1012 392; x_wconf 76' lang='grc' dir='ltr'>ὅτ</span> <span class='ocrx_word' id='word_1_9' title='bbox 1036 344 1210 392; x_wconf 88' lang='lat' dir='ltr'>bonum</span> <span class='ocrx_word' id='word_1_10' title='bbox 1235 344 1450 395; x_wconf 87' lang='lat' dir='ltr'>Ecclefiae</span> <span class='ocrx_word' id='word_1_11' title='bbox 1473 345 1704 402; x_wconf 89' lang='lat' dir='ltr'>inchoant,</span> <span class='ocrx_word' id='word_1_12' title='bbox 1739 357 1853 393; x_wconf 87' lang='lat' dir='ltr'>terra</span> <span class='ocrx_word' id='word_1_13' title='bbox 1875 346 2000 393; x_wconf 89' lang='lat' dir='ltr'>enim</span> <span class='ocrx_word' id='word_1_14' title='bbox 2019 346 2084 394; x_wconf 90' lang='lat' dir='ltr'>est</span> <span class='ocrx_word' id='word_1_15' title='bbox 2102 347 2382 408; x_wconf 84' lang='lat' dir='ltr'>Ecclefia,n</span> <span class='ocrx_word' id='word_1_16' title='bbox 2352 367 2412 400; x_wconf 85' lang='lat' dir='ltr'>n:</span> 
     </span>
     <span class='ocr_line' id='line_1_3' title="bbox 451 407 2412 478; baseline 0.005 -22"><span class='ocrx_word' id='word_1_17' title='bbox 451 410 564 471; x_wconf 89' lang='lat'><em>565.</em></span> <span class='ocrx_word' id='word_1_18' title='bbox 602 407 894 459; x_wconf 79' lang='lat'><em>662.1‹&#39;266.</em></span> <span class='ocrx_word' id='word_1_19' title='bbox 933 409 1072 473; x_wconf 87' lang='lat'>1067.</span> <span class='ocrx_word' id='word_1_20' title='bbox 1114 412 1254 458; x_wconf 83' lang='lat'><em>1262.</em></span> <span class='ocrx_word' id='word_1_21' title='bbox 1296 412 1787 478; x_wconf 82' lang='lat'>1413.1607.1733</span> <span class='ocrx_word' id='word_1_22' title='bbox 1818 413 1957 472; x_wconf 85' lang='lat'><em>1850.</em></span> <span class='ocrx_word' id='word_1_23' title='bbox 1983 427 2129 475; x_wconf 82' lang='lat'><strong><em>2117.</em></strong></span> <span class='ocrx_word' id='word_1_24' title='bbox 2159 419 2289 464; x_wconf 79' lang='lat'>2118</span> <span class='ocrx_word' id='word_1_25' title='bbox 2317 418 2412 465; x_wconf 86' lang='lat' dir='ltr'>fin:</span> 
     </span>
     <span class='ocr_line' id='line_1_4' title="bbox 455 475 2418 546; baseline 0.006 -26"><span class='ocrx_word' id='word_1_26' title='bbox 455 478 600 538; x_wconf 92' lang='grc'><em>2928.</em></span> <span class='ocrx_word' id='word_1_27' title='bbox 629 489 772 546; x_wconf 86' lang='lat'><em>3355.</em></span> <span class='ocrx_word' id='word_1_28' title='bbox 792 490 940 538; x_wconf 87' lang='lat'><em>4535.</em></span> <span class='ocrx_word' id='word_1_29' title='bbox 958 490 1106 539; x_wconf 88' lang='lat'><strong>4447.</strong></span> <span class='ocrx_word' id='word_1_30' title='bbox 1133 490 1279 541; x_wconf 90' lang='lat'><em>5577.</em></span> <span class='ocrx_word' id='word_1_31' title='bbox 1307 480 1451 528; x_wconf 90' lang='lat'>8011.</span> <span class='ocrx_word' id='word_1_32' title='bbox 1479 480 1627 541; x_wconf 83' lang='lat'>8732,</span> <span class='ocrx_word' id='word_1_33' title='bbox 1662 475 1903 539; x_wconf 88' lang='lat' dir='ltr'>lateraejus</span> <span class='ocrx_word' id='word_1_34' title='bbox 1921 476 2023 524; x_wconf 90' lang='lat' dir='ltr'>sunt</span> <span class='ocrx_word' id='word_1_35' title='bbox 2039 477 2117 524; x_wconf 90' lang='lat' dir='ltr'>ubi</span> <span class='ocrx_word' id='word_1_36' title='bbox 2141 480 2342 541; x_wconf 88' lang='lat' dir='ltr'>primum</span> <span class='ocrx_word' id='word_1_37' title='bbox 2362 498 2418 531; x_wconf 86' lang='lat' dir='ltr'>ac</span> 
     </span>
     <span class='ocr_line' id='line_1_5' title="bbox 449 538 2415 606; baseline 0.004 -20"><span class='ocrx_word' id='word_1_38' title='bbox 449 540 672 586; x_wconf 90' lang='lat' dir='ltr'>ultimum</span> <span class='ocrx_word' id='word_1_39' title='bbox 702 538 824 602; x_wconf 79' lang='lat' dir='ltr'>ejus3</span> <span class='ocrx_word' id='word_1_40' title='bbox 859 555 939 603; x_wconf 90' lang='lat' dir='ltr'>per</span> <span class='ocrx_word' id='word_1_41' title='bbox 955 556 1129 588; x_wconf 86' lang='lat' dir='ltr'>caecum</span> <span class='ocrx_word' id='word_1_42' title='bbox 1155 543 1458 605; x_wconf 84' lang='lat' dir='ltr'>significantur</span> <span class='ocrx_word' id='word_1_43' title='bbox 1472 543 1552 606; x_wconf 91' lang='lat' dir='ltr'>qui</span> <span class='ocrx_word' id='word_1_44' title='bbox 1574 545 1618 590; x_wconf 90' lang='lat' dir='ltr'>in</span> <span class='ocrx_word' id='word_1_45' title='bbox 1638 541 1892 606; x_wconf 83' lang='lat' dir='ltr'>ignorantia</span> <span class='ocrx_word' id='word_1_46' title='bbox 1914 541 2027 598; x_wconf 87' lang='lat' dir='ltr'>veri,</span> <span class='ocrx_word' id='word_1_47' title='bbox 2062 543 2112 590; x_wconf 79' lang='grc' dir='ltr'>δι</span> <span class='ocrx_word' id='word_1_48' title='bbox 2130 555 2283 592; x_wconf 87' lang='lat' dir='ltr'>tamen</span> <span class='ocrx_word' id='word_1_49' title='bbox 2303 547 2415 594; x_wconf 88' lang='lat' dir='ltr'>reci-</span> 
     </span>
     <span class='ocr_line' id='line_1_6' title="bbox 447 606 2415 682; baseline 0.004 -30"><span class='ocrx_word' id='word_1_50' title='bbox 447 606 585 668; x_wconf 86' lang='lat' dir='ltr'>piunt</span> <span class='ocrx_word' id='word_1_51' title='bbox 615 620 776 652; x_wconf 83' lang='lat' dir='ltr'>verum</span> <span class='ocrx_word' id='word_1_52' title='bbox 812 620 918 653; x_wconf 88' lang='lat' dir='ltr'>cum</span> <span class='ocrx_word' id='word_1_53' title='bbox 953 606 1172 680; x_wconf 73' lang='lat' dir='ltr'>instruffi,</span> <span class='ocrx_word' id='word_1_54' title='bbox 1207 623 1269 655; x_wconf 89' lang='lat' dir='ltr'>n:</span> <span class='ocrx_word' id='word_1_55' title='bbox 1297 613 1441 682; x_wconf 86' lang='lat'>2383.</span> <span class='ocrx_word' id='word_1_56' title='bbox 1474 609 1636 672; x_wconf 88' lang='lat' dir='ltr'><em>699o;</em></span> <span class='ocrx_word' id='word_1_57' title='bbox 1674 623 1753 672; x_wconf 86' lang='lat' dir='ltr'>per</span> <span class='ocrx_word' id='word_1_58' title='bbox 1779 607 1992 655; x_wconf 90' lang='lat' dir='ltr'>claudum</span> <span class='ocrx_word' id='word_1_59' title='bbox 2014 609 2095 669; x_wconf 92' lang='lat' dir='ltr'>qui</span> <span class='ocrx_word' id='word_1_60' title='bbox 2121 608 2168 656; x_wconf 88' lang='lat' dir='ltr'>in</span> <span class='ocrx_word' id='word_1_61' title='bbox 2192 610 2315 658; x_wconf 91' lang='lat' dir='ltr'>bono</span> <span class='ocrx_word' id='word_1_62' title='bbox 2338 613 2415 660; x_wconf 91' lang='lat' dir='ltr'>sed</span> 
     </span>
     <span class='ocr_line' id='line_1_7' title="bbox 446 671 2417 740; baseline 0.003 -23"><span class='ocrx_word' id='word_1_63' title='bbox 446 686 540 717; x_wconf 90' lang='lat' dir='ltr'>non</span> <span class='ocrx_word' id='word_1_64' title='bbox 559 671 758 733; x_wconf 87' lang='lat' dir='ltr'>genuino</span> <span class='ocrx_word' id='word_1_65' title='bbox 776 683 958 735; x_wconf 88' lang='lat' dir='ltr'>propter</span> <span class='ocrx_word' id='word_1_66' title='bbox 975 671 1280 734; x_wconf 85' lang='lat' dir='ltr'>ignorantiam</span> <span class='ocrx_word' id='word_1_67' title='bbox 1312 675 1428 731; x_wconf 85' lang='lat' dir='ltr'>veri,</span> <span class='ocrx_word' id='word_1_68' title='bbox 1449 691 1508 721; x_wconf 89' lang='lat' dir='ltr'>n:</span> <span class='ocrx_word' id='word_1_69' title='bbox 1531 688 1694 736; x_wconf 81' lang='lat'>43023</span> <span class='ocrx_word' id='word_1_70' title='bbox 1718 689 1799 737; x_wconf 90' lang='lat' dir='ltr'>per</span> <span class='ocrx_word' id='word_1_71' title='bbox 1816 672 2051 735; x_wconf 89' lang='lat' dir='ltr'>gravidam</span> <span class='ocrx_word' id='word_1_72' title='bbox 2074 673 2140 721; x_wconf 90' lang='lat' dir='ltr'>illi</span> <span class='ocrx_word' id='word_1_73' title='bbox 2157 676 2278 738; x_wconf 90' lang='lat' dir='ltr'>apud</span> <span class='ocrx_word' id='word_1_74' title='bbox 2297 692 2417 740; x_wconf 82' lang='lat' dir='ltr'>quos</span> 
     </span>
     <span class='ocr_line' id='line_1_8' title="bbox 446 735 2410 803; baseline 0.004 -21"><span class='ocrx_word' id='word_1_75' title='bbox 446 735 624 783; x_wconf 91' lang='lat' dir='ltr'>bonum</span> <span class='ocrx_word' id='word_1_76' title='bbox 658 735 879 784; x_wconf 87' lang='lat' dir='ltr'>formatur</span> <span class='ocrx_word' id='word_1_77' title='bbox 909 753 988 801; x_wconf 91' lang='lat' dir='ltr'>per</span> <span class='ocrx_word' id='word_1_78' title='bbox 1020 754 1160 793; x_wconf 73' lang='lat' dir='ltr'>vera,</span> <span class='ocrx_word' id='word_1_79' title='bbox 1196 739 1245 787; x_wconf 75' lang='grc' dir='ltr'>δε</span> <span class='ocrx_word' id='word_1_80' title='bbox 1266 755 1345 801; x_wconf 89' lang='lat' dir='ltr'>per</span> <span class='ocrx_word' id='word_1_81' title='bbox 1368 740 1609 803; x_wconf 90' lang='lat' dir='ltr'>patientem</span> <span class='ocrx_word' id='word_1_82' title='bbox 1643 739 1722 803; x_wconf 90' lang='lat' dir='ltr'>qui</span> <span class='ocrx_word' id='word_1_83' title='bbox 1759 739 1804 784; x_wconf 90' lang='lat' dir='ltr'>in</span> <span class='ocrx_word' id='word_1_84' title='bbox 1838 739 1934 786; x_wconf 86' lang='lat' dir='ltr'>vita</span> <span class='ocrx_word' id='word_1_85' title='bbox 1963 737 2071 785; x_wconf 87' lang='lat' dir='ltr'>fidei</span> <span class='ocrx_word' id='word_1_86' title='bbox 2105 739 2206 787; x_wconf 69' lang='lat' dir='ltr'>aEtu</span> <span class='ocrx_word' id='word_1_87' title='bbox 2237 741 2318 799; x_wconf 87' lang='lat' dir='ltr'>est,</span> <span class='ocrx_word' id='word_1_88' title='bbox 2354 758 2410 789; x_wconf 89' lang='lat' dir='ltr'>n:</span> 
     </span>
     <span class='ocr_line' id='line_1_9' title="bbox 450 802 2412 868; baseline 0.004 -20"><span class='ocrx_word' id='word_1_89' title='bbox 450 817 597 866; x_wconf 85' lang='lat'><em>3905.</em></span> <span class='ocrx_word' id='word_1_90' title='bbox 619 817 764 864; x_wconf 85' lang='lat'><em>3915.</em></span> <span class='ocrx_word' id='word_1_91' title='bbox 786 819 945 867; x_wconf 91' lang='lat'>3919·</span> <span class='ocrx_word' id='word_1_92' title='bbox 981 805 1108 868; x_wconf 91' lang='lat' dir='ltr'>quod</span> <span class='ocrx_word' id='word_1_93' title='bbox 1129 805 1236 852; x_wconf 88' lang='lat' dir='ltr'>talia</span> <span class='ocrx_word' id='word_1_94' title='bbox 1259 805 1320 852; x_wconf 87' lang='lat' dir='ltr'>ibi</span> <span class='ocrx_word' id='word_1_95' title='bbox 1345 805 1665 866; x_wconf 86' lang='lat' dir='ltr'>significantur,</span> <span class='ocrx_word' id='word_1_96' title='bbox 1699 802 1897 851; x_wconf 87' lang='lat' dir='ltr'>constare</span> <span class='ocrx_word' id='word_1_97' title='bbox 1919 803 2069 865; x_wconf 90' lang='lat' dir='ltr'>potest</span> <span class='ocrx_word' id='word_1_98' title='bbox 2092 806 2230 854; x_wconf 89' lang='lat' dir='ltr'>etiam</span> <span class='ocrx_word' id='word_1_99' title='bbox 2254 822 2313 854; x_wconf 85' lang='lat' dir='ltr'>ex</span> <span class='ocrx_word' id='word_1_100' title='bbox 2335 822 2412 864; x_wconf 89' lang='lat' dir='ltr'>e0,</span> 
     </span>
     <span class='ocr_line' id='line_1_10' title="bbox 445 867 2411 934; baseline 0.004 -21"><span class='ocrx_word' id='word_1_101' title='bbox 445 868 575 930; x_wconf 92' lang='lat' dir='ltr'>quod</span> <span class='ocrx_word' id='word_1_102' title='bbox 604 867 804 931; x_wconf 80' lang='lat' dir='ltr'>alinquin</span> <span class='ocrx_word' id='word_1_103' title='bbox 837 867 1110 932; x_wconf 87' lang='lat' dir='ltr'>superfluum</span> <span class='ocrx_word' id='word_1_104' title='bbox 1135 871 1214 917; x_wconf 73' lang='lat'>&amp;⁶</span> <span class='ocrx_word' id='word_1_105' title='bbox 1202 886 1333 919; x_wconf 78' lang='lat' dir='ltr'>inane</span> <span class='ocrx_word' id='word_1_106' title='bbox 1366 870 1516 918; x_wconf 84' lang='lat' dir='ltr'>fuiffet</span> <span class='ocrx_word' id='word_1_107' title='bbox 1547 871 1712 926; x_wconf 86' lang='lat' dir='ltr'>dicere,</span> <span class='ocrx_word' id='word_1_108' title='bbox 1748 868 2183 928; x_wconf 84' lang='lat' dir='ltr'>caecus&amp;claudus,</span> <span class='ocrx_word' id='word_1_109' title='bbox 2218 873 2411 934; x_wconf 83' lang='lat' dir='ltr'>gravida</span> 
     </span>
     <span class='ocr_line' id='line_1_11' title="bbox 446 933 864 996; baseline 0 -16"><span class='ocrx_word' id='word_1_110' title='bbox 446 933 499 980; x_wconf 73' lang='grc' dir='ltr'>δε</span> <span class='ocrx_word' id='word_1_111' title='bbox 524 933 697 996; x_wconf 87' lang='lat' dir='ltr'>pariens</span> <span class='ocrx_word' id='word_1_112' title='bbox 714 933 864 983; x_wconf 88' lang='lat' dir='ltr'>fimul.</span> 
     </span>
    </p>

    <p class='ocr_par' dir='ltr' id='par_1_3' title="bbox 390 983 2409 2879">
     <span class='ocr_line' id='line_1_12' title="bbox 512 983 2408 1065; baseline 0.003 -20"><span class='ocrx_word' id='word_1_113' title='bbox 512 1014 657 1063; x_wconf 84' lang='lat'><em>9043.</em></span> <span class='ocrx_word' id='word_1_114' title='bbox 696 998 762 1046; x_wconf 92' lang='lat' dir='ltr'>Et</span> <span class='ocrx_word' id='word_1_115' title='bbox 778 983 1003 1047; x_wconf 83' lang='lat' dir='ltr'>exiverint</span> <span class='ocrx_word' id='word_1_116' title='bbox 1020 1011 1172 1062; x_wconf 87' lang='lat' dir='ltr'>partus</span> <span class='ocrx_word' id='word_1_117' title='bbox 1189 999 1299 1062; x_wconf 90' lang='lat' dir='ltr'>ejus,</span> <span class='ocrx_word' id='word_1_118' title='bbox 1334 999 1459 1065; x_wconf 91' lang='lat' dir='ltr'>quod</span> <span class='ocrx_word' id='word_1_119' title='bbox 1478 1000 1703 1063; x_wconf 76' lang='lat' dir='ltr'>significet</span> <span class='ocrx_word' id='word_1_120' title='bbox 1742 1000 1775 1047; x_wconf 87' lang='lat' dir='ltr'>fi</span> <span class='ocrx_word' id='word_1_121' title='bbox 1811 998 1951 1062; x_wconf 87' lang='lat' dir='ltr'>usque</span> <span class='ocrx_word' id='word_1_122' title='bbox 1998 998 2044 1046; x_wconf 90' lang='lat' dir='ltr'>in</span> <span class='ocrx_word' id='word_1_123' title='bbox 2076 1001 2266 1048; x_wconf 91' lang='lat' dir='ltr'>naturali</span> <span class='ocrx_word' id='word_1_124' title='bbox 2298 1017 2408 1050; x_wconf 90' lang='lat' dir='ltr'>con-</span> 
     </span>
     <span class='ocr_line' id='line_1_13' title="bbox 390 1063 2409 1128; baseline 0.002 -17"><span class='ocrx_word' id='word_1_125' title='bbox 390 1093 395 1096; x_wconf 94' lang='lat'>·</span> <span class='ocrx_word' id='word_1_126' title='bbox 446 1063 700 1121; x_wconf 89' lang='lat' dir='ltr'>firmatum,</span> <span class='ocrx_word' id='word_1_127' title='bbox 735 1064 909 1112; x_wconf 88' lang='lat' dir='ltr'>constat</span> <span class='ocrx_word' id='word_1_128' title='bbox 934 1080 990 1111; x_wconf 89' lang='lat' dir='ltr'>ex</span> <span class='ocrx_word' id='word_1_129' title='bbox 1021 1066 1346 1128; x_wconf 78' lang='lat' dir='ltr'>significatione</span> <span class='ocrx_word' id='word_1_130' title='bbox 1381 1067 1521 1121; x_wconf 87' lang='lat' dir='ltr'>exire,</span> <span class='ocrx_word' id='word_1_131' title='bbox 1555 1083 1663 1115; x_wconf 91' lang='lat' dir='ltr'>cum</span> <span class='ocrx_word' id='word_1_132' title='bbox 1686 1066 1743 1113; x_wconf 90' lang='lat' dir='ltr'>de</span> <span class='ocrx_word' id='word_1_133' title='bbox 1767 1063 2040 1117; x_wconf 86' lang='lat' dir='ltr'>formatione</span> <span class='ocrx_word' id='word_1_134' title='bbox 2062 1066 2170 1113; x_wconf 89' lang='lat' dir='ltr'>boni</span> <span class='ocrx_word' id='word_1_135' title='bbox 2193 1081 2248 1113; x_wconf 88' lang='lat' dir='ltr'>ex</span> <span class='ocrx_word' id='word_1_136' title='bbox 2273 1069 2409 1126; x_wconf 85' lang='lat' dir='ltr'>veris,</span> 
     </span>
     <span class='ocr_line' id='line_1_14' title="bbox 444 1129 2409 1206; baseline 0.002 -29"><span class='ocrx_word' id='word_1_137' title='bbox 444 1129 571 1194; x_wconf 91' lang='lat' dir='ltr'>quod</span> <span class='ocrx_word' id='word_1_138' title='bbox 590 1129 643 1176; x_wconf 83' lang='lat' dir='ltr'>fit</span> <span class='ocrx_word' id='word_1_139' title='bbox 660 1129 746 1176; x_wconf 90' lang='lat' dir='ltr'>ab</span> <span class='ocrx_word' id='word_1_140' title='bbox 736 1143 912 1178; x_wconf 81' lang='lat' dir='ltr'>interno</span> <span class='ocrx_word' id='word_1_141' title='bbox 930 1130 1004 1178; x_wconf 92' lang='lat' dir='ltr'>seu</span> <span class='ocrx_word' id='word_1_142' title='bbox 1023 1131 1255 1195; x_wconf 88' lang='lat' dir='ltr'>spirituali·</span> <span class='ocrx_word' id='word_1_143' title='bbox 1257 1133 1314 1179; x_wconf 90' lang='lat' dir='ltr'>ab</span> <span class='ocrx_word' id='word_1_144' title='bbox 1332 1132 1546 1181; x_wconf 89' lang='lat' dir='ltr'>homine</span> <span class='ocrx_word' id='word_1_145' title='bbox 1534 1149 1581 1180; x_wconf 83' lang='grc' dir='ltr'>ιη</span> <span class='ocrx_word' id='word_1_146' title='bbox 1599 1146 1837 1180; x_wconf 88' lang='lat' dir='ltr'>externum</span> <span class='ocrx_word' id='word_1_147' title='bbox 1864 1130 1931 1177; x_wconf 92' lang='lat' dir='ltr'>seu</span> <span class='ocrx_word' id='word_1_148' title='bbox 1950 1131 2215 1206; x_wconf 74' lang='lat' dir='ltr'>naturalem,</span> <span class='ocrx_word' id='word_1_149' title='bbox 2247 1132 2303 1179; x_wconf 91' lang='lat' dir='ltr'>de</span> <span class='ocrx_word' id='word_1_150' title='bbox 2318 1149 2409 1196; x_wconf 89' lang='lat' dir='ltr'>qua</span> 
     </span>
     <span class='ocr_line' id='line_1_15' title="bbox 444 1196 2408 1262; baseline 0.002 -20"><span class='ocrx_word' id='word_1_151' title='bbox 444 1196 680 1259; x_wconf 89' lang='lat' dir='ltr'>sequitur,</span> <span class='ocrx_word' id='word_1_152' title='bbox 716 1196 766 1243; x_wconf 76' lang='grc' dir='ltr'>δε</span> <span class='ocrx_word' id='word_1_153' title='bbox 789 1211 846 1243; x_wconf 88' lang='lat' dir='ltr'>ex</span> <span class='ocrx_word' id='word_1_154' title='bbox 870 1196 1193 1258; x_wconf 80' lang='lat' dir='ltr'>significatione</span> <span class='ocrx_word' id='word_1_155' title='bbox 1213 1212 1444 1260; x_wconf 89' lang='lat' dir='ltr'>partuum,</span> <span class='ocrx_word' id='word_1_156' title='bbox 1482 1199 1607 1262; x_wconf 91' lang='lat' dir='ltr'>quod</span> <span class='ocrx_word' id='word_1_157' title='bbox 1630 1198 1715 1246; x_wconf 88' lang='lat' dir='ltr'>fint</span> <span class='ocrx_word' id='word_1_158' title='bbox 1739 1198 1854 1244; x_wconf 89' lang='lat' dir='ltr'>bona</span> <span class='ocrx_word' id='word_1_159' title='bbox 1877 1211 1934 1243; x_wconf 87' lang='lat' dir='ltr'>ex</span> <span class='ocrx_word' id='word_1_160' title='bbox 1956 1198 2072 1242; x_wconf 85' lang='lat' dir='ltr'>veris</span> <span class='ocrx_word' id='word_1_161' title='bbox 2096 1197 2334 1246; x_wconf 88' lang='lat' dir='ltr'>scientifice</span> <span class='ocrx_word' id='word_1_162' title='bbox 2357 1201 2408 1246; x_wconf 78' lang='grc' dir='ltr'>ὅτ</span> 
     </span>
     <span class='ocr_line' id='line_1_16' title="bbox 444 1259 2404 1328; baseline 0.003 -22"><span class='ocrx_word' id='word_1_163' title='bbox 444 1259 802 1325; x_wconf 88' lang='lat' dir='ltr'>perceptibiliter</span> <span class='ocrx_word' id='word_1_164' title='bbox 833 1264 1001 1323; x_wconf 90' lang='lat' dir='ltr'>agnita,</span> <span class='ocrx_word' id='word_1_165' title='bbox 1035 1264 1086 1310; x_wconf 75' lang='grc' dir='ltr'>δε</span> <span class='ocrx_word' id='word_1_166' title='bbox 1110 1263 1169 1310; x_wconf 82' lang='lat' dir='ltr'>hc</span> <span class='ocrx_word' id='word_1_167' title='bbox 1190 1264 1491 1317; x_wconf 88' lang='lat' dir='ltr'>confirmata;</span> <span class='ocrx_word' id='word_1_168' title='bbox 1528 1279 1606 1327; x_wconf 92' lang='lat' dir='ltr'>per</span> <span class='ocrx_word' id='word_1_169' title='bbox 1639 1277 1790 1328; x_wconf 89' lang='lat' dir='ltr'>parere</span> <span class='ocrx_word' id='word_1_170' title='bbox 1821 1260 1946 1309; x_wconf 89' lang='lat' dir='ltr'>enim</span> <span class='ocrx_word' id='word_1_171' title='bbox 1982 1262 2026 1308; x_wconf 91' lang='lat' dir='ltr'>in</span> <span class='ocrx_word' id='word_1_172' title='bbox 2047 1261 2259 1324; x_wconf 83' lang='lat' dir='ltr'>spirituali</span> <span class='ocrx_word' id='word_1_173' title='bbox 2281 1264 2404 1311; x_wconf 89' lang='lat' dir='ltr'>sensu</span> 
     </span>
     <span class='ocr_line' id='line_1_17' title="bbox 444 1326 2406 1403; baseline 0.003 -31"><span class='ocrx_word' id='word_1_174' title='bbox 444 1326 719 1389; x_wconf 85' lang='lat' dir='ltr'>intelligitur</span> <span class='ocrx_word' id='word_1_175' title='bbox 749 1327 986 1390; x_wconf 85' lang='lat' dir='ltr'>agnoscere</span> <span class='ocrx_word' id='word_1_176' title='bbox 1010 1328 1165 1376; x_wconf 85' lang='lat' dir='ltr'>fide&amp;</span> <span class='ocrx_word' id='word_1_177' title='bbox 1182 1328 1304 1397; x_wconf 57' lang='lat' dir='ltr'>adiu,</span> <span class='ocrx_word' id='word_1_178' title='bbox 1340 1345 1403 1385; x_wconf 86' lang='lat' dir='ltr'>n:</span> <span class='ocrx_word' id='word_1_179' title='bbox 1426 1345 1568 1403; x_wconf 89' lang='lat'><em>3905.</em></span> <span class='ocrx_word' id='word_1_180' title='bbox 1606 1344 1750 1392; x_wconf 87' lang='lat'><em>3915.</em></span> <span class='ocrx_word' id='word_1_181' title='bbox 1778 1343 1923 1390; x_wconf 88' lang='lat'><em>3919.</em></span> <span class='ocrx_word' id='word_1_182' title='bbox 1948 1326 2093 1402; x_wconf 83' lang='grc'><em>6585.</em></span> <span class='ocrx_word' id='word_1_183' title='bbox 2164 1328 2283 1376; x_wconf 90' lang='lat' dir='ltr'>Cum</span> <span class='ocrx_word' id='word_1_184' title='bbox 2316 1329 2406 1377; x_wconf 89' lang='lat' dir='ltr'>hoc</span> 
     </span>
     <span class='ocr_line' id='line_1_18' title="bbox 440 1391 2407 1457; baseline 0.002 -19"><span class='ocrx_word' id='word_1_185' title='bbox 440 1392 504 1438; x_wconf 89' lang='lat' dir='ltr'>ita</span> <span class='ocrx_word' id='word_1_186' title='bbox 529 1391 570 1438; x_wconf 96' lang='lat' dir='ltr'>se</span> <span class='ocrx_word' id='word_1_187' title='bbox 595 1393 757 1447; x_wconf 84' lang='lat' dir='ltr'>habet,</span> <span class='ocrx_word' id='word_1_188' title='bbox 805 1392 948 1440; x_wconf 90' lang='lat' dir='ltr'>homo</span> <span class='ocrx_word' id='word_1_189' title='bbox 972 1393 1053 1457; x_wconf 92' lang='lat' dir='ltr'>qui</span> <span class='ocrx_word' id='word_1_190' title='bbox 1077 1408 1102 1439; x_wconf 92' lang='lat' dir='ltr'>e</span> <span class='ocrx_word' id='word_1_191' title='bbox 1127 1409 1249 1441; x_wconf 88' lang='lat' dir='ltr'>novo</span> <span class='ocrx_word' id='word_1_192' title='bbox 1270 1394 1542 1457; x_wconf 88' lang='lat' dir='ltr'>concipitur,</span> <span class='ocrx_word' id='word_1_193' title='bbox 1593 1394 1791 1456; x_wconf 87' lang='lat' dir='ltr'>gestatur</span> <span class='ocrx_word' id='word_1_194' title='bbox 1826 1392 1950 1455; x_wconf 91' lang='lat' dir='ltr'>quafi</span> <span class='ocrx_word' id='word_1_195' title='bbox 1988 1393 2034 1438; x_wconf 93' lang='lat' dir='ltr'>in</span> <span class='ocrx_word' id='word_1_196' title='bbox 2075 1405 2219 1450; x_wconf 88' lang='lat' dir='ltr'>utero,</span> <span class='ocrx_word' id='word_1_197' title='bbox 2254 1394 2303 1441; x_wconf 88' lang='lat'>&amp;</span> <span class='ocrx_word' id='word_1_198' title='bbox 2327 1411 2407 1444; x_wconf 87' lang='lat' dir='ltr'>na-</span> 
     </span>
     <span class='ocr_line' id='line_1_19' title="bbox 445 1457 2407 1522; baseline 0.002 -18"><span class='ocrx_word' id='word_1_199' title='bbox 445 1458 592 1514; x_wconf 87' lang='lat' dir='ltr'>scitur,</span> <span class='ocrx_word' id='word_1_200' title='bbox 629 1458 715 1503; x_wconf 90' lang='lat' dir='ltr'>hoc</span> <span class='ocrx_word' id='word_1_201' title='bbox 745 1457 825 1514; x_wconf 90' lang='lat' dir='ltr'>est,</span> <span class='ocrx_word' id='word_1_202' title='bbox 860 1459 939 1522; x_wconf 90' lang='lat' dir='ltr'>qui</span> <span class='ocrx_word' id='word_1_203' title='bbox 963 1471 1264 1521; x_wconf 87' lang='lat' dir='ltr'>regeneratur,</span> <span class='ocrx_word' id='word_1_204' title='bbox 1300 1462 1507 1522; x_wconf 87' lang='lat' dir='ltr'>primum</span> <span class='ocrx_word' id='word_1_205' title='bbox 1544 1459 1690 1506; x_wconf 87' lang='lat' dir='ltr'>haurit</span> <span class='ocrx_word' id='word_1_206' title='bbox 1712 1474 1768 1506; x_wconf 86' lang='lat' dir='ltr'>ex</span> <span class='ocrx_word' id='word_1_207' title='bbox 1791 1457 1996 1505; x_wconf 67' lang='grc' dir='ltr'>ἀοὲὶῑίηα</span> <span class='ocrx_word' id='word_1_208' title='bbox 2022 1457 2232 1507; x_wconf 87' lang='lat' dir='ltr'>Ecclefiae</span> <span class='ocrx_word' id='word_1_209' title='bbox 2252 1460 2325 1506; x_wconf 86' lang='lat' dir='ltr'>vel</span> <span class='ocrx_word' id='word_1_210' title='bbox 2348 1475 2407 1507; x_wconf 84' lang='lat' dir='ltr'>ex</span> 
     </span>
     <span class='ocr_line' id='line_1_20' title="bbox 442 1523 2405 1589; baseline 0.003 -22"><span class='ocrx_word' id='word_1_211' title='bbox 442 1524 615 1580; x_wconf 92' lang='lat' dir='ltr'>Verbo,</span> <span class='ocrx_word' id='word_1_212' title='bbox 651 1523 724 1570; x_wconf 87' lang='lat' dir='ltr'>illa</span> <span class='ocrx_word' id='word_1_213' title='bbox 759 1539 869 1587; x_wconf 84' lang='lat' dir='ltr'>quae</span> <span class='ocrx_word' id='word_1_214' title='bbox 900 1524 1005 1571; x_wconf 86' lang='lat' dir='ltr'>fidei</span> <span class='ocrx_word' id='word_1_215' title='bbox 1026 1525 1075 1571; x_wconf 88' lang='lat'>&amp;</span> <span class='ocrx_word' id='word_1_216' title='bbox 1099 1524 1320 1572; x_wconf 89' lang='lat' dir='ltr'>charitatis</span> <span class='ocrx_word' id='word_1_217' title='bbox 1343 1525 1462 1581; x_wconf 89' lang='lat' dir='ltr'>sunt,</span> <span class='ocrx_word' id='word_1_218' title='bbox 1497 1542 1603 1589; x_wconf 85' lang='lat' dir='ltr'>quae</span> <span class='ocrx_word' id='word_1_219' title='bbox 1626 1538 1732 1573; x_wconf 90' lang='lat' dir='ltr'>tunc</span> <span class='ocrx_word' id='word_1_220' title='bbox 1754 1523 1931 1586; x_wconf 90' lang='lat' dir='ltr'>reponit</span> <span class='ocrx_word' id='word_1_221' title='bbox 1956 1526 2070 1570; x_wconf 91' lang='lat' dir='ltr'>inter</span> <span class='ocrx_word' id='word_1_222' title='bbox 2093 1523 2369 1573; x_wconf 88' lang='lat' dir='ltr'>scientifica&#39;</span> <span class='ocrx_word' id='word_1_223' title='bbox 2356 1542 2405 1573; x_wconf 86' lang='lat' dir='ltr'>m</span> 
     </span>
     <span class='ocr_line' id='line_1_21' title="bbox 440 1588 2404 1664; baseline 0.001 -28"><span class='ocrx_word' id='word_1_224' title='bbox 440 1588 681 1644; x_wconf 86' lang='lat' dir='ltr'>memoria,</span> <span class='ocrx_word' id='word_1_225' title='bbox 716 1605 824 1654; x_wconf 88' lang='lat' dir='ltr'>quae</span> <span class='ocrx_word' id='word_1_226' title='bbox 845 1589 909 1637; x_wconf 90' lang='lat' dir='ltr'>est</span> <span class='ocrx_word' id='word_1_227' title='bbox 931 1589 1102 1636; x_wconf 85' lang='lat' dir='ltr'>externi</span> <span class='ocrx_word' id='word_1_228' title='bbox 1128 1590 1199 1637; x_wconf 91' lang='lat' dir='ltr'>seu</span> <span class='ocrx_word' id='word_1_229' title='bbox 1224 1591 1430 1638; x_wconf 88' lang='lat' dir='ltr'>naturalis</span> <span class='ocrx_word' id='word_1_230' title='bbox 1449 1591 1670 1664; x_wconf 82' lang='lat' dir='ltr'>hominis,</span> <span class='ocrx_word' id='word_1_231' title='bbox 1703 1590 1807 1636; x_wconf 90' lang='lat' dir='ltr'>inde</span> <span class='ocrx_word' id='word_1_232' title='bbox 1832 1601 2075 1635; x_wconf 84' lang='lat' dir='ltr'>evocantur</span> <span class='ocrx_word' id='word_1_233' title='bbox 2101 1590 2211 1637; x_wconf 87' lang='lat' dir='ltr'>illa</span> <span class='ocrx_word' id='word_1_234' title='bbox 2200 1606 2244 1637; x_wconf 78' lang='lat' dir='ltr'>in</span> <span class='ocrx_word' id='word_1_235' title='bbox 2269 1591 2404 1639; x_wconf 90' lang='lat' dir='ltr'>inter-</span> 
     </span>
     <span class='ocr_line' id='line_1_22' title="bbox 441 1654 2403 1729; baseline 0.002 -28"><span class='ocrx_word' id='word_1_236' title='bbox 441 1661 554 1702; x_wconf 79' lang='lat' dir='ltr'>num</span> <span class='ocrx_word' id='word_1_237' title='bbox 573 1655 830 1711; x_wconf 88' lang='lat' dir='ltr'>hominem,</span> <span class='ocrx_word' id='word_1_238' title='bbox 865 1655 915 1703; x_wconf 87' lang='lat'>&amp;</span> <span class='ocrx_word' id='word_1_239' title='bbox 938 1668 1218 1718; x_wconf 90' lang='lat' dir='ltr'>reponuntur</span> <span class='ocrx_word' id='word_1_240' title='bbox 1233 1658 1277 1703; x_wconf 90' lang='lat' dir='ltr'>in</span> <span class='ocrx_word' id='word_1_241' title='bbox 1290 1655 1384 1722; x_wconf 86' lang='lat' dir='ltr'>ejus</span> <span class='ocrx_word' id='word_1_242' title='bbox 1403 1656 1640 1712; x_wconf 89' lang='lat' dir='ltr'>memoria,</span> <span class='ocrx_word' id='word_1_243' title='bbox 1662 1655 1803 1729; x_wconf 29' lang='lat' dir='ltr'>‘quod</span> <span class='ocrx_word' id='word_1_244' title='bbox 1822 1654 1945 1701; x_wconf 88' lang='lat' dir='ltr'>binae</span> <span class='ocrx_word' id='word_1_245' title='bbox 1963 1655 2197 1702; x_wconf 70' lang='lat' dir='ltr'>memoriae</span> <span class='ocrx_word' id='word_1_246' title='bbox 2219 1656 2403 1704; x_wconf 88' lang='lat' dir='ltr'>homini</span> 
     </span>
     <span class='ocr_line' id='line_1_23' title="bbox 440 1718 2403 1787; baseline 0.002 -21"><span class='ocrx_word' id='word_1_247' title='bbox 440 1718 543 1776; x_wconf 80' lang='lat' dir='ltr'>sint,</span> <span class='ocrx_word' id='word_1_248' title='bbox 581 1721 790 1769; x_wconf 87' lang='lat' dir='ltr'>videatur</span> <span class='ocrx_word' id='word_1_249' title='bbox 810 1735 862 1768; x_wconf 91' lang='lat' dir='ltr'>n:</span> <span class='ocrx_word' id='word_1_250' title='bbox 890 1721 1019 1782; x_wconf 87' lang='lat'><strong>2464</strong></span> <span class='ocrx_word' id='word_1_251' title='bbox 1037 1722 1094 1767; x_wconf 89' lang='lat' dir='ltr'>ad</span> <span class='ocrx_word' id='word_1_252' title='bbox 1119 1739 1279 1787; x_wconf 76' lang='lat'>24943</span> <span class='ocrx_word' id='word_1_253' title='bbox 1315 1722 1429 1769; x_wconf 91' lang='lat' dir='ltr'>hoc</span> <span class='ocrx_word' id='word_1_254' title='bbox 1419 1722 1599 1771; x_wconf 84' lang='lat' dir='ltr'>initium</span> <span class='ocrx_word' id='word_1_255' title='bbox 1627 1722 1734 1768; x_wconf 87' lang='lat' dir='ltr'>vitae</span> <span class='ocrx_word' id='word_1_256' title='bbox 1754 1719 1991 1784; x_wconf 87' lang='lat' dir='ltr'>spiritualis</span> <span class='ocrx_word' id='word_1_257' title='bbox 2014 1721 2136 1782; x_wconf 86' lang='lat' dir='ltr'>apud</span> <span class='ocrx_word' id='word_1_258' title='bbox 2163 1721 2403 1770; x_wconf 88' lang='lat' dir='ltr'>hominem</span> 
     </span>
     <span class='ocr_line' id='line_1_24' title="bbox 438 1784 2402 1850; baseline 0.002 -19"><span class='ocrx_word' id='word_1_259' title='bbox 438 1784 520 1842; x_wconf 85' lang='lat' dir='ltr'>est,</span> <span class='ocrx_word' id='word_1_260' title='bbox 556 1785 628 1832; x_wconf 91' lang='lat' dir='ltr'>sed</span> <span class='ocrx_word' id='word_1_261' title='bbox 655 1786 861 1834; x_wconf 92' lang='lat' dir='ltr'>nondum</span> <span class='ocrx_word' id='word_1_262' title='bbox 884 1786 1028 1834; x_wconf 92' lang='lat' dir='ltr'>homo</span> <span class='ocrx_word' id='word_1_263' title='bbox 1049 1786 1112 1834; x_wconf 89' lang='lat' dir='ltr'>est</span> <span class='ocrx_word' id='word_1_264' title='bbox 1135 1803 1213 1850; x_wconf 86' lang='lat' dir='ltr'>reg</span> <span class='ocrx_word' id='word_1_265' title='bbox 1216 1799 1450 1842; x_wconf 86' lang='lat' dir='ltr'>eneratus·,</span> <span class='ocrx_word' id='word_1_266' title='bbox 1485 1800 1535 1837; x_wconf 90' lang='lat' dir='ltr'>ut</span> <span class='ocrx_word' id='word_1_267' title='bbox 1563 1799 1847 1849; x_wconf 86' lang='lat' dir='ltr'>regeneratus</span> <span class='ocrx_word' id='word_1_268' title='bbox 1878 1784 1949 1842; x_wconf 90' lang='lat' dir='ltr'>s1t,</span> <span class='ocrx_word' id='word_1_269' title='bbox 1984 1785 2067 1833; x_wconf 91' lang='lat' dir='ltr'>erit</span> <span class='ocrx_word' id='word_1_270' title='bbox 2087 1798 2295 1834; x_wconf 88' lang='lat' dir='ltr'>externus</span> <span class='ocrx_word' id='word_1_271' title='bbox 2327 1784 2402 1834; x_wconf 89' lang='lat' dir='ltr'>seu</span> 
     </span>
     <span class='ocr_line' id='line_1_25' title="bbox 438 1851 2401 1915; baseline 0.001 -18"><span class='ocrx_word' id='word_1_272' title='bbox 438 1852 651 1899; x_wconf 86' lang='lat' dir='ltr'>naturalis</span> <span class='ocrx_word' id='word_1_273' title='bbox 668 1851 840 1901; x_wconf 86' lang='lat' dir='ltr'>homo&#39;</span> <span class='ocrx_word' id='word_1_274' title='bbox 830 1868 874 1898; x_wconf 81' lang='lat' dir='ltr'>in</span> <span class='ocrx_word' id='word_1_275' title='bbox 890 1851 1124 1915; x_wconf 90' lang='lat' dir='ltr'>obsequi0‚</span> <span class='ocrx_word' id='word_1_276' title='bbox 1161 1854 1210 1900; x_wconf 87' lang='lat'>&amp;</span> <span class='ocrx_word' id='word_1_277' title='bbox 1234 1853 1368 1900; x_wconf 90' lang='lat' dir='ltr'>inde</span> <span class='ocrx_word' id='word_1_278' title='bbox 1359 1869 1402 1899; x_wconf 82' lang='lat' dir='ltr'>in</span> <span class='ocrx_word' id='word_1_279' title='bbox 1421 1852 1741 1902; x_wconf 85' lang='lat' dir='ltr'>concordantia</span> <span class='ocrx_word' id='word_1_280' title='bbox 1763 1866 1869 1898; x_wconf 89' lang='lat' dir='ltr'>cum</span> <span class='ocrx_word' id='word_1_281' title='bbox 1889 1851 2066 1898; x_wconf 90' lang='lat' dir='ltr'>interno</span> <span class='ocrx_word' id='word_1_282' title='bbox 2085 1851 2164 1898; x_wconf 94' lang='lat' dir='ltr'>suo</span> <span class='ocrx_word' id='word_1_283' title='bbox 2182 1851 2401 1906; x_wconf 90' lang='lat' dir='ltr'>homine,</span> 
     </span>
     <span class='ocr_line' id='line_1_26' title="bbox 435 1908 2402 1982; baseline 0.001 -19"><span class='ocrx_word' id='word_1_284' title='bbox 435 1917 563 1980; x_wconf 89' lang='lat' dir='ltr'>quod</span> <span class='ocrx_word' id='word_1_285' title='bbox 591 1917 733 1965; x_wconf 89' lang='lat' dir='ltr'>homo</span> <span class='ocrx_word' id='word_1_286' title='bbox 768 1916 859 1964; x_wconf 85' lang='lat' dir='ltr'>no&#39;n</span> <span class='ocrx_word' id='word_1_287' title='bbox 892 1931 1167 1981; x_wconf 86' lang='lat' dir='ltr'>regeneratus</span> <span class='ocrx_word' id='word_1_288' title='bbox 1201 1919 1252 1966; x_wconf 88' lang='lat' dir='ltr'>fit</span> <span class='ocrx_word' id='word_1_289' title='bbox 1288 1932 1533 1982; x_wconf 87' lang='lat' dir='ltr'>antequam</span> <span class='ocrx_word' id='word_1_290' title='bbox 1559 1932 1767 1966; x_wconf 88' lang='lat' dir='ltr'>externus</span> <span class='ocrx_word' id='word_1_291' title='bbox 1799 1916 1871 1962; x_wconf 93' lang='lat' dir='ltr'>seu</span> <span class='ocrx_word' id='word_1_292' title='bbox 1905 1908 2112 1964; x_wconf 89' lang='lat' dir='ltr'>naturalis</span> <span class='ocrx_word' id='word_1_293' title='bbox 2135 1917 2229 1979; x_wconf 90' lang='lat' dir='ltr'>ejus</span> <span class='ocrx_word' id='word_1_294' title='bbox 2256 1918 2402 1965; x_wconf 91' lang='lat' dir='ltr'>homo</span> 
     </span>
     <span class='ocr_line' id='line_1_27' title="bbox 422 1979 2399 2048; baseline 0.002 -21"><span class='ocrx_word' id='word_1_295' title='bbox 422 1979 576 2029; x_wconf 82' lang='lat' dir='ltr'>&#39;etiam</span> <span class='ocrx_word' id='word_1_296' title='bbox 603 1994 883 2045; x_wconf 86' lang='lat' dir='ltr'>regeneratus</span> <span class='ocrx_word' id='word_1_297' title='bbox 911 1985 993 2039; x_wconf 91' lang='lat' dir='ltr'>est,</span> <span class='ocrx_word' id='word_1_298' title='bbox 1030 1984 1238 2031; x_wconf 87' lang='lat' dir='ltr'>videatur</span> <span class='ocrx_word' id='word_1_299' title='bbox 1263 2001 1321 2031; x_wconf 91' lang='lat' dir='ltr'>n:</span> <span class='ocrx_word' id='word_1_300' title='bbox 1353 1989 1477 2047; x_wconf 88' lang='lat'><strong><em>8742</em></strong></span> <span class='ocrx_word' id='word_1_301' title='bbox 1503 1985 1558 2031; x_wconf 90' lang='lat' dir='ltr'>ad</span> <span class='ocrx_word' id='word_1_302' title='bbox 1581 1989 1747 2048; x_wconf 91' lang='lat'>8747,</span> <span class='ocrx_word' id='word_1_303' title='bbox 1783 1984 1831 2030; x_wconf 89' lang='lat'>&amp;</span> <span class='ocrx_word' id='word_1_304' title='bbox 1855 1983 1982 2044; x_wconf 88' lang='lat' dir='ltr'>quod</span> <span class='ocrx_word' id='word_1_305' title='bbox 2018 1996 2300 2044; x_wconf 86' lang='lat' dir='ltr'>regeneretur</span> <span class='ocrx_word' id='word_1_306' title='bbox 2322 1999 2399 2030; x_wconf 84' lang='lat' dir='ltr'>ex-</span> 
     </span>
     <span class='ocr_line' id='line_1_28' title="bbox 436 2039 2398 2120; baseline 0.002 -28"><span class='ocrx_word' id='word_1_307' title='bbox 436 2059 588 2095; x_wconf 87' lang='lat' dir='ltr'>ternus</span> <span class='ocrx_word' id='word_1_308' title='bbox 622 2047 765 2096; x_wconf 89' lang='lat' dir='ltr'>horno</span> <span class='ocrx_word' id='word_1_309' title='bbox 789 2065 869 2112; x_wconf 93' lang='lat' dir='ltr'>per</span> <span class='ocrx_word' id='word_1_310' title='bbox 893 2049 1163 2097; x_wconf 91' lang='lat' dir='ltr'>internuma</span> <span class='ocrx_word' id='word_1_311' title='bbox 1188 2039 1411 2106; x_wconf 88' lang='lat' dir='ltr'>Domino,</span> <span class='ocrx_word' id='word_1_312' title='bbox 1448 2067 1508 2096; x_wconf 84' lang='lat' dir='ltr'>n:</span> <span class='ocrx_word' id='word_1_313' title='bbox 1533 2051 1677 2113; x_wconf 82' lang='lat'><em>3286.</em></span> <span class='ocrx_word' id='word_1_314' title='bbox 1717 2062 1861 2111; x_wconf 82' lang='lat'>3321.</span> <span class='ocrx_word' id='word_1_315' title='bbox 1897 2063 2042 2120; x_wconf 87' lang='lat'>3493</span> <span class='ocrx_word' id='word_1_316' title='bbox 2078 2051 2225 2110; x_wconf 90' lang='lat'><em>4587.</em></span> <span class='ocrx_word' id='word_1_317' title='bbox 2251 2048 2398 2110; x_wconf 85' lang='lat'><em>5651.</em></span> 
     </span>
     <span class='ocr_line' id='line_1_29' title="bbox 436 2112 2395 2186; baseline -0.001 -25"><span class='ocrx_word' id='word_1_318' title='bbox 436 2114 579 2176; x_wconf 87' lang='lat'><em>6299.</em></span> <span class='ocrx_word' id='word_1_319' title='bbox 607 2115 772 2175; x_wconf 89' lang='lat'><strong><em>8746,</em></strong></span> <span class='ocrx_word' id='word_1_320' title='bbox 805 2115 1024 2186; x_wconf 83' lang='lat' dir='ltr'>quodque</span> <span class='ocrx_word' id='word_1_321' title='bbox 1032 2127 1169 2161; x_wconf 87' lang='lat' dir='ltr'>.totus</span> <span class='ocrx_word' id='word_1_322' title='bbox 1193 2115 1335 2163; x_wconf 85' lang='lat' dir='ltr'>homo</span> <span class='ocrx_word' id='word_1_323' title='bbox 1359 2129 1638 2178; x_wconf 80' lang='lat' dir='ltr'>regeneratus</span> <span class='ocrx_word' id='word_1_324' title='bbox 1658 2115 1724 2169; x_wconf 88' lang='lat' dir='ltr'>fit,</span> <span class='ocrx_word' id='word_1_325' title='bbox 1761 2112 1946 2176; x_wconf 88' lang='lat' dir='ltr'>quando</span> <span class='ocrx_word' id='word_1_326' title='bbox 1969 2112 2062 2176; x_wconf 82' lang='lat' dir='ltr'>ejus</span> <span class='ocrx_word' id='word_1_327' title='bbox 2076 2114 2366 2169; x_wconf 76' lang='lat' dir='ltr'>naturali3‚n</span> <span class='ocrx_word' id='word_1_328' title='bbox 2383 2130 2395 2160; x_wconf 91' lang='lat'>:</span> 
     </span>
     <span class='ocr_line' id='line_1_30' title="bbox 434 2179 2398 2252; baseline 0.001 -27.002"><span class='ocrx_word' id='word_1_329' title='bbox 434 2193 582 2252; x_wconf 77' lang='grc'><em>7442.</em></span> <span class='ocrx_word' id='word_1_330' title='bbox 617 2193 761 2242; x_wconf 87' lang='lat'>7443.</span> <span class='ocrx_word' id='word_1_331' title='bbox 831 2180 922 2243; x_wconf 73' lang='lat' dir='ltr'>Q}</span> <span class='ocrx_word' id='word_1_332' title='bbox 916 2196 950 2226; x_wconf 87' lang='lat' dir='ltr'>·a</span> <span class='ocrx_word' id='word_1_333' title='bbox 977 2195 1091 2227; x_wconf 90' lang='lat' dir='ltr'>nunc</span> <span class='ocrx_word' id='word_1_334' title='bbox 1115 2181 1188 2227; x_wconf 81' lang='lat' dir='ltr'>illa</span> <span class='ocrx_word' id='word_1_335' title='bbox 1211 2196 1316 2243; x_wconf 87' lang='lat' dir='ltr'>quae</span> <span class='ocrx_word' id='word_1_336' title='bbox 1341 2183 1688 2243; x_wconf 82' lang='lat' dir='ltr'>regenerationis</span> <span class='ocrx_word' id='word_1_337' title='bbox 1713 2179 1830 2234; x_wconf 83' lang='lat' dir='ltr'>sunt,</span> <span class='ocrx_word' id='word_1_338' title='bbox 1877 2181 2199 2241; x_wconf 87' lang='lat' dir='ltr'>exprimuntur</span> <span class='ocrx_word' id='word_1_339' title='bbox 2223 2195 2301 2241; x_wconf 91' lang='lat' dir='ltr'>per</span> <span class='ocrx_word' id='word_1_340' title='bbox 2325 2179 2398 2226; x_wconf 85' lang='lat' dir='ltr'>illa</span> 
     </span>
     <span class='ocr_line' id='line_1_31' title="bbox 433 2242 2399 2309; baseline 0.001 -19"><span class='ocrx_word' id='word_1_341' title='bbox 433 2242 480 2290; x_wconf 92' lang='lat' dir='ltr'>in</span> <span class='ocrx_word' id='word_1_342' title='bbox 491 2244 656 2291; x_wconf 90' lang='lat' dir='ltr'>Verbo</span> <span class='ocrx_word' id='word_1_343' title='bbox 673 2261 780 2307; x_wconf 84' lang='lat' dir='ltr'>quae</span> <span class='ocrx_word' id='word_1_344' title='bbox 797 2245 897 2292; x_wconf 92' lang='lat' dir='ltr'>sunt</span> <span class='ocrx_word' id='word_1_345' title='bbox 911 2246 1206 2309; x_wconf 78' lang='lat' dir='ltr'>generationis</span> <span class='ocrx_word' id='word_1_346' title='bbox 1226 2251 1295 2293; x_wconf 81' lang='lat' dir='ltr'>leu</span> <span class='ocrx_word' id='word_1_347' title='bbox 1314 2248 1558 2294; x_wconf 88' lang='lat' dir='ltr'>nativitatis</span> <span class='ocrx_word' id='word_1_348' title='bbox 1577 2245 1774 2293; x_wconf 88' lang='lat' dir='ltr'>hominis</span> <span class='ocrx_word' id='word_1_349' title='bbox 1789 2259 1811 2289; x_wconf 93' lang='lat' dir='ltr'>a</span> <span class='ocrx_word' id='word_1_350' title='bbox 1830 2243 1914 2290; x_wconf 87' lang='lat' dir='ltr'>suis</span> <span class='ocrx_word' id='word_1_351' title='bbox 1935 2245 2214 2306; x_wconf 86' lang='lat' dir='ltr'>parentibus</span> <span class='ocrx_word' id='word_1_352' title='bbox 2203 2261 2248 2291; x_wconf 86' lang='lat' dir='ltr'>m</span> <span class='ocrx_word' id='word_1_353' title='bbox 2266 2260 2399 2291; x_wconf 84' lang='lat' dir='ltr'>mun-</span> 
     </span>
     <span class='ocr_line' id='line_1_32' title="bbox 432 2309 2396 2383; baseline 0.001 -28"><span class='ocrx_word' id='word_1_354' title='bbox 432 2309 513 2366; x_wconf 91' lang='lat' dir='ltr'>do,</span> <span class='ocrx_word' id='word_1_355' title='bbox 537 2324 594 2356; x_wconf 87' lang='lat' dir='ltr'>ex</span> <span class='ocrx_word' id='word_1_356' title='bbox 615 2311 810 2373; x_wconf 85' lang='lat' dir='ltr'>processu</span> <span class='ocrx_word' id='word_1_357' title='bbox 835 2312 1180 2383; x_wconf 81' lang='lat' dir='ltr'>regenerationis</span> <span class='ocrx_word' id='word_1_358' title='bbox 1198 2313 1325 2375; x_wconf 89' lang='lat' dir='ltr'>supra</span> <span class='ocrx_word' id='word_1_359' title='bbox 1344 2311 1565 2374; x_wconf 88' lang='lat' dir='ltr'>descripto</span> <span class='ocrx_word' id='word_1_360' title='bbox 1582 2312 1779 2359; x_wconf 91' lang='lat' dir='ltr'>constare</span> <span class='ocrx_word' id='word_1_361' title='bbox 1804 2310 1965 2371; x_wconf 89' lang='lat' dir='ltr'>potest,</span> <span class='ocrx_word' id='word_1_362' title='bbox 1990 2310 2102 2371; x_wconf 88' lang='lat' dir='ltr'>quid</span> <span class='ocrx_word' id='word_1_363' title='bbox 2127 2310 2396 2372; x_wconf 89' lang='lat' dir='ltr'>intelligitur</span> 
     </span>
     <span class='ocr_line' id='line_1_33' title="bbox 433 2375 2396 2440; baseline -0.001 -19"><span class='ocrx_word' id='word_1_364' title='bbox 433 2387 508 2421; x_wconf 88' lang='lat' dir='ltr'>aut</span> <span class='ocrx_word' id='word_1_365' title='bbox 532 2375 804 2436; x_wconf 75' lang='lat' dir='ltr'>significatur</span> <span class='ocrx_word' id='word_1_366' title='bbox 828 2392 908 2439; x_wconf 89' lang='lat' dir='ltr'>per</span> <span class='ocrx_word' id='word_1_367' title='bbox 930 2377 1294 2440; x_wconf 86' lang='lat' dir='ltr'>conceptionem,</span> <span class='ocrx_word' id='word_1_368' title='bbox 1332 2393 1412 2440; x_wconf 91' lang='lat' dir='ltr'>per</span> <span class='ocrx_word' id='word_1_369' title='bbox 1446 2378 1743 2438; x_wconf 81' lang='lat' dir='ltr'>gestationem</span> <span class='ocrx_word' id='word_1_370' title='bbox 1770 2375 1816 2421; x_wconf 92' lang='lat' dir='ltr'>in</span> <span class='ocrx_word' id='word_1_371' title='bbox 1840 2387 1982 2429; x_wconf 91' lang='lat' dir='ltr'>utero,</span> <span class='ocrx_word' id='word_1_372' title='bbox 2035 2375 2147 2437; x_wconf 88' lang='lat' dir='ltr'>quid</span> <span class='ocrx_word' id='word_1_373' title='bbox 2174 2391 2252 2437; x_wconf 87' lang='lat' dir='ltr'>per</span> <span class='ocrx_word' id='word_1_374' title='bbox 2273 2375 2396 2421; x_wconf 83' lang='lat' dir='ltr'>exire</span> 
     </span>
     <span class='ocr_line' id='line_1_34' title="bbox 433 2440 2394 2505; baseline 0.001 -20"><span class='ocrx_word' id='word_1_375' title='bbox 433 2455 490 2486; x_wconf 87' lang='lat' dir='ltr'>ex</span> <span class='ocrx_word' id='word_1_376' title='bbox 514 2452 659 2504; x_wconf 86' lang='lat' dir='ltr'>utero,</span> <span class='ocrx_word' id='word_1_377' title='bbox 694 2442 745 2488; x_wconf 72' lang='grc' dir='ltr'>δε</span> <span class='ocrx_word' id='word_1_378' title='bbox 767 2457 849 2504; x_wconf 89' lang='lat' dir='ltr'>per</span> <span class='ocrx_word' id='word_1_379' title='bbox 874 2456 1069 2504; x_wconf 89' lang='lat' dir='ltr'>partum,</span> <span class='ocrx_word' id='word_1_380' title='bbox 1106 2443 1149 2489; x_wconf 88' lang='lat' dir='ltr'>in</span> <span class='ocrx_word' id='word_1_381' title='bbox 1176 2442 1298 2489; x_wconf 89' lang='lat' dir='ltr'>sensu</span> <span class='ocrx_word' id='word_1_382' title='bbox 1320 2442 1548 2505; x_wconf 85' lang='lat' dir='ltr'>spirituali,</span> <span class='ocrx_word' id='word_1_383' title='bbox 1572 2444 1696 2505; x_wconf 90' lang='lat' dir='ltr'>quod</span> <span class='ocrx_word' id='word_1_384' title='bbox 1717 2455 1879 2501; x_wconf 79' lang='lat' dir='ltr'>nempe</span> <span class='ocrx_word' id='word_1_385' title='bbox 1903 2441 2022 2485; x_wconf 86' lang='lat' dir='ltr'>exire</span> <span class='ocrx_word' id='word_1_386' title='bbox 2040 2456 2097 2485; x_wconf 87' lang='lat' dir='ltr'>ex</span> <span class='ocrx_word' id='word_1_387' title='bbox 2115 2452 2244 2485; x_wconf 89' lang='lat' dir='ltr'>utero</span> <span class='ocrx_word' id='word_1_388' title='bbox 2267 2440 2320 2486; x_wconf 87' lang='lat' dir='ltr'>fit</span> <span class='ocrx_word' id='word_1_389' title='bbox 2337 2440 2394 2486; x_wconf 91' lang='lat' dir='ltr'>ab</span> 
     </span>
     <span class='ocr_line' id='line_1_35' title="bbox 435 2504 2395 2579; baseline 0.001 -30"><span class='ocrx_word' id='word_1_390' title='bbox 435 2505 615 2552; x_wconf 87' lang='lat' dir='ltr'>interno</span> <span class='ocrx_word' id='word_1_391' title='bbox 639 2506 859 2553; x_wconf 90' lang='lat' dir='ltr'>homine</span> <span class='ocrx_word' id='word_1_392' title='bbox 850 2523 893 2552; x_wconf 78' lang='lat' dir='ltr'>in</span> <span class='ocrx_word' id='word_1_393' title='bbox 919 2519 1154 2554; x_wconf 88' lang='lat' dir='ltr'>externum</span> <span class='ocrx_word' id='word_1_394' title='bbox 1183 2507 1254 2554; x_wconf 89' lang='lat' dir='ltr'>seu</span> <span class='ocrx_word' id='word_1_395' title='bbox 1279 2509 1545 2563; x_wconf 86' lang='lat' dir='ltr'>naturalem,</span> <span class='ocrx_word' id='word_1_396' title='bbox 1592 2510 1641 2554; x_wconf 71' lang='grc' dir='ltr'>δε</span> <span class='ocrx_word' id='word_1_397' title='bbox 1665 2507 1789 2579; x_wconf 85' lang='lat' dir='ltr'>quod</span> <span class='ocrx_word' id='word_1_398' title='bbox 1817 2519 1968 2566; x_wconf 86' lang='lat' dir='ltr'>partus</span> <span class='ocrx_word' id='word_1_399' title='bbox 1993 2505 2044 2550; x_wconf 82' lang='lat' dir='ltr'>sit</span> <span class='ocrx_word' id='word_1_400' title='bbox 2068 2506 2239 2551; x_wconf 81' lang='lat' dir='ltr'>bonum</span> <span class='ocrx_word' id='word_1_401' title='bbox 2264 2504 2395 2567; x_wconf 89' lang='lat' dir='ltr'>spiri-</span> 
     </span>
     <span class='ocr_line' id='line_1_36' title="bbox 431 2562 2393 2627; baseline -0.002 -9"><span class='ocrx_word' id='word_1_402' title='bbox 431 2562 564 2624; x_wconf 78' lang='lat' dir='ltr'>tuale,</span> <span class='ocrx_word' id='word_1_403' title='bbox 605 2571 690 2616; x_wconf 88' lang='lat' dir='ltr'>hoc</span> <span class='ocrx_word' id='word_1_404' title='bbox 712 2572 790 2627; x_wconf 90' lang='lat' dir='ltr'>est,</span> <span class='ocrx_word' id='word_1_405' title='bbox 827 2573 1000 2619; x_wconf 89' lang='lat' dir='ltr'>bonum</span> <span class='ocrx_word' id='word_1_406' title='bbox 1024 2574 1250 2620; x_wconf 85' lang='lat' dir='ltr'>charitatis</span> <span class='ocrx_word' id='word_1_407' title='bbox 1275 2588 1331 2618; x_wconf 89' lang='lat' dir='ltr'>ex</span> <span class='ocrx_word' id='word_1_408' title='bbox 1356 2573 1471 2620; x_wconf 88' lang='lat' dir='ltr'>veris</span> <span class='ocrx_word' id='word_1_409' title='bbox 1493 2573 1616 2627; x_wconf 86' lang='lat' dir='ltr'>fidei,</span> <span class='ocrx_word' id='word_1_410' title='bbox 1652 2575 1710 2619; x_wconf 89' lang='lat' dir='ltr'>ab</span> <span class='ocrx_word' id='word_1_411' title='bbox 1732 2573 1904 2617; x_wconf 90' lang='lat' dir='ltr'>interno</span> <span class='ocrx_word' id='word_1_412' title='bbox 1925 2566 2148 2615; x_wconf 84' lang='lat' dir='ltr'>homine</span> <span class='ocrx_word' id='word_1_413' title='bbox 2137 2585 2180 2615; x_wconf 81' lang='lat' dir='ltr'>in</span> <span class='ocrx_word' id='word_1_414' title='bbox 2205 2583 2393 2615; x_wconf 89' lang='lat' dir='ltr'>externo</span> 
     </span>
     <span class='ocr_line' id='line_1_37' title="bbox 434 2632 2389 2695; baseline -0.001 -14"><span class='ocrx_word' id='word_1_415' title='bbox 434 2634 506 2681; x_wconf 89' lang='lat' dir='ltr'>seu</span> <span class='ocrx_word' id='word_1_416' title='bbox 530 2636 753 2689; x_wconf 77' lang='lat' dir='ltr'>naturali3</span> <span class='ocrx_word' id='word_1_417' title='bbox 786 2652 892 2683; x_wconf 89' lang='lat' dir='ltr'>cum</span> <span class='ocrx_word' id='word_1_418' title='bbox 913 2637 1120 2685; x_wconf 92' lang='lat' dir='ltr'>bonum</span> <span class='ocrx_word' id='word_1_419' title='bbox 1111 2653 1156 2684; x_wconf 79' lang='lat' dir='ltr'>in</span> <span class='ocrx_word' id='word_1_420' title='bbox 1179 2639 1369 2684; x_wconf 78' lang='lat' dir='ltr'>naturali</span> <span class='ocrx_word' id='word_1_421' title='bbox 1393 2638 1474 2694; x_wconf 91' lang='lat' dir='ltr'>est,</span> <span class='ocrx_word' id='word_1_422' title='bbox 1511 2651 1616 2685; x_wconf 92' lang='lat' dir='ltr'>tunc</span> <span class='ocrx_word' id='word_1_423' title='bbox 1640 2637 1784 2683; x_wconf 85' lang='lat' dir='ltr'>homo</span> <span class='ocrx_word' id='word_1_424' title='bbox 1799 2634 1870 2679; x_wconf 86' lang='lat' dir='ltr'>est</span> <span class='ocrx_word' id='word_1_425' title='bbox 1895 2649 2055 2689; x_wconf 78' lang='lat' dir='ltr'>novuS‚</span> <span class='ocrx_word' id='word_1_426' title='bbox 2090 2634 2155 2680; x_wconf 91' lang='lat' dir='ltr'>est</span> <span class='ocrx_word' id='word_1_427' title='bbox 2178 2632 2272 2695; x_wconf 85' lang='lat' dir='ltr'>ejus</span> <span class='ocrx_word' id='word_1_428' title='bbox 2297 2636 2389 2683; x_wconf 86' lang='lat' dir='ltr'>vita</span> 
     </span>
     <span class='ocr_line' id='line_1_38' title="bbox 433 2694 2391 2760; baseline -0.001 -14"><span class='ocrx_word' id='word_1_429' title='bbox 433 2714 542 2747; x_wconf 86' lang='lat' dir='ltr'>tunc</span> <span class='ocrx_word' id='word_1_430' title='bbox 566 2716 622 2747; x_wconf 86' lang='lat' dir='ltr'>ex</span> <span class='ocrx_word' id='word_1_431' title='bbox 646 2703 768 2747; x_wconf 84' lang='lat' dir='ltr'>bono</span> <span class='ocrx_word' id='word_1_432' title='bbox 791 2700 857 2749; x_wconf 89' lang='lat'>&amp;</span> <span class='ocrx_word' id='word_1_433' title='bbox 864 2694 1011 2750; x_wconf 89' lang='lat' dir='ltr'>forma</span> <span class='ocrx_word' id='word_1_434' title='bbox 1031 2719 1089 2750; x_wconf 87' lang='lat' dir='ltr'>ex</span> <span class='ocrx_word' id='word_1_435' title='bbox 1112 2703 1224 2749; x_wconf 88' lang='lat' dir='ltr'>veris</span> <span class='ocrx_word' id='word_1_436' title='bbox 1243 2720 1268 2750; x_wconf 91' lang='lat' dir='ltr'>a</span> <span class='ocrx_word' id='word_1_437' title='bbox 1291 2704 1445 2758; x_wconf 79' lang='lat' dir='ltr'>bon03</span> <span class='ocrx_word' id='word_1_438' title='bbox 1478 2705 1529 2752; x_wconf 74' lang='grc' dir='ltr'>δε</span> <span class='ocrx_word' id='word_1_439' title='bbox 1551 2702 1613 2750; x_wconf 88' lang='lat' dir='ltr'>est</span> <span class='ocrx_word' id='word_1_440' title='bbox 1638 2702 1745 2750; x_wconf 86' lang='lat' dir='ltr'>ficut</span> <span class='ocrx_word' id='word_1_441' title='bbox 1768 2700 1970 2759; x_wconf 83' lang='lat' dir='ltr'>angelus,</span> <span class='ocrx_word' id='word_1_442' title='bbox 2011 2714 2113 2745; x_wconf 89' lang='lat' dir='ltr'>nam</span> <span class='ocrx_word' id='word_1_443' title='bbox 2137 2700 2304 2760; x_wconf 81' lang='lat' dir='ltr'>angelis</span> <span class='ocrx_word' id='word_1_444' title='bbox 2327 2700 2391 2747; x_wconf 78' lang='lat' dir='ltr'>est</span> 
     </span>
     <span class='ocr_line' id='line_1_39' title="bbox 435 2764 2391 2832; baseline -0.001 -20"><span class='ocrx_word' id='word_1_445' title='bbox 435 2767 525 2813; x_wconf 85' lang='lat' dir='ltr'>vita</span> <span class='ocrx_word' id='word_1_446' title='bbox 545 2782 602 2813; x_wconf 86' lang='lat' dir='ltr'>cx</span> <span class='ocrx_word' id='word_1_447' title='bbox 621 2767 759 2822; x_wconf 88' lang='lat' dir='ltr'>bono,</span> <span class='ocrx_word' id='word_1_448' title='bbox 783 2768 832 2814; x_wconf 73' lang='grc' dir='ltr'>δε</span> <span class='ocrx_word' id='word_1_449' title='bbox 847 2769 993 2815; x_wconf 86' lang='lat' dir='ltr'>forma</span> <span class='ocrx_word' id='word_1_450' title='bbox 1010 2784 1064 2815; x_wconf 83' lang='lat' dir='ltr'>ex</span> <span class='ocrx_word' id='word_1_451' title='bbox 1082 2768 1217 2825; x_wconf 77' lang='lat' dir='ltr'>veriS‚</span> <span class='ocrx_word' id='word_1_452' title='bbox 1243 2784 1347 2832; x_wconf 89' lang='lat' dir='ltr'>quae</span> <span class='ocrx_word' id='word_1_453' title='bbox 1363 2769 1425 2816; x_wconf 92' lang='lat' dir='ltr'>est</span> <span class='ocrx_word' id='word_1_454' title='bbox 1444 2768 1588 2816; x_wconf 89' lang='lat' dir='ltr'>forma</span> <span class='ocrx_word' id='word_1_455' title='bbox 1607 2768 1835 2818; x_wconf 69' lang='lat' dir='ltr'>humana,</span> <span class='ocrx_word' id='word_1_456' title='bbox 1861 2764 1932 2811; x_wconf 93' lang='lat' dir='ltr'>sed</span> <span class='ocrx_word' id='word_1_457' title='bbox 1953 2766 2038 2812; x_wconf 92' lang='lat' dir='ltr'>hoc</span> <span class='ocrx_word' id='word_1_458' title='bbox 2054 2764 2116 2811; x_wconf 89' lang='lat' dir='ltr'>est</span> <span class='ocrx_word' id='word_1_459' title='bbox 2134 2765 2391 2828; x_wconf 78' lang='lat' dir='ltr'>paradoxon</span> 
     </span>
     <span class='ocr_line' id='line_1_40' title="bbox 432 2831 837 2879; baseline -0.005 0"><span class='ocrx_word' id='word_1_460' title='bbox 432 2831 613 2879; x_wconf 83' lang='lat' dir='ltr'>homini</span> <span class='ocrx_word' id='word_1_461' title='bbox 638 2833 837 2878; x_wconf 87' lang='lat' dir='ltr'>naturali.</span> 
     </span>
    </p>

    <p class='ocr_par' dir='ltr' id='par_1_4' title="bbox 432 2889 2392 3027">
     <span class='ocr_line' id='line_1_41' title="bbox 499 2889 2392 2962; baseline -0.002 -16"><span class='ocrx_word' id='word_1_462' title='bbox 499 2914 645 2962; x_wconf 82' lang='lat'><em>9044.</em></span> <span class='ocrx_word' id='word_1_463' title='bbox 682 2898 743 2944; x_wconf 85' lang='lat' dir='ltr'>Er</span> <span class='ocrx_word' id='word_1_464' title='bbox 767 2913 854 2943; x_wconf 91' lang='lat' dir='ltr'>non</span> <span class='ocrx_word' id='word_1_465' title='bbox 877 2897 930 2944; x_wconf 93' lang='lat' dir='ltr'>fit</span> <span class='ocrx_word' id='word_1_466' title='bbox 953 2897 1189 2953; x_wconf 84' lang='lat' dir='ltr'>damnum,</span> <span class='ocrx_word' id='word_1_467' title='bbox 1225 2898 1350 2962; x_wconf 88' lang='lat' dir='ltr'>quod</span> <span class='ocrx_word' id='word_1_468' title='bbox 1376 2889 1596 2959; x_wconf 78' lang='lat' dir='ltr'>significet</span> <span class='ocrx_word' id='word_1_469' title='bbox 1614 2897 1740 2961; x_wconf 90' lang='lat' dir='ltr'>quod</span> <span class='ocrx_word' id='word_1_470' title='bbox 1768 2897 1822 2945; x_wconf 86' lang='lat' dir='ltr'>fic</span> <span class='ocrx_word' id='word_1_471' title='bbox 1850 2910 1940 2942; x_wconf 86' lang='lat' dir='ltr'>non</span> <span class='ocrx_word' id='word_1_472' title='bbox 1964 2894 2086 2943; x_wconf 86' lang='lat' dir='ltr'>laefio</span> <span class='ocrx_word' id='word_1_473' title='bbox 2110 2895 2190 2951; x_wconf 84' lang='lat' dir='ltr'>ibi,</span> <span class='ocrx_word' id='word_1_474' title='bbox 2226 2911 2392 2959; x_wconf 86' lang='lat' dir='ltr'>nempe</span> 
     </span>
     <span class='ocr_line' id='line_1_42' title="bbox 432 2962 1431 3027; baseline -0.004 -16"><span class='ocrx_word' id='word_1_475' title='bbox 432 2964 479 3011; x_wconf 89' lang='lat' dir='ltr'>in</span> <span class='ocrx_word' id='word_1_476' title='bbox 506 2963 713 3018; x_wconf 81' lang='lat' dir='ltr'>naturali,</span> <span class='ocrx_word' id='word_1_477' title='bbox 750 2963 917 3010; x_wconf 87' lang='lat' dir='ltr'>&#39;constat</span> <span class='ocrx_word' id='word_1_478' title='bbox 933 2962 1098 3027; x_wconf 88' lang='lat' dir='ltr'>absque</span> <span class='ocrx_word' id='word_1_479' title='bbox 1118 2964 1431 3025; x_wconf 88' lang='lat' dir='ltr'>explicatione.</span> 
     </span>
    </p>

    <p class='ocr_par' dir='ltr' id='par_1_5' title="bbox 389 3000 2392 3161">
     <span class='ocr_line' id='line_1_43' title="bbox 501 3000 2392 3092; baseline -0.002 -17"><span class='ocrx_word' id='word_1_480' title='bbox 501 3044 647 3090; x_wconf 89' lang='lat'><em>9045.</em></span> <span class='ocrx_word' id='word_1_481' title='bbox 685 3028 964 3075; x_wconf 62' lang='lat' dir='ltr'>Mulflando</span> <span class='ocrx_word' id='word_1_482' title='bbox 998 3027 1252 3084; x_wconf 63' lang='lat' dir='ltr'>muletabit,</span> <span class='ocrx_word' id='word_1_483' title='bbox 1290 3028 1415 3092; x_wconf 88' lang='lat' dir='ltr'>quod</span> <span class='ocrx_word' id='word_1_484' title='bbox 1454 3000 1678 3090; x_wconf 86' lang='lat' dir='ltr'>significet</span> <span class='ocrx_word' id='word_1_485' title='bbox 1712 3025 2098 3080; x_wconf 87' lang='lat' dir='ltr'>emendationem,</span> <span class='ocrx_word' id='word_1_486' title='bbox 2132 3024 2304 3072; x_wconf 91' lang='lat' dir='ltr'>constat</span> <span class='ocrx_word' id='word_1_487' title='bbox 2335 3040 2392 3071; x_wconf 84' lang='lat' dir='ltr'>ex</span> 
     </span>
     <span class='ocr_line' id='line_1_44' title="bbox 389 3091 2392 3161; baseline -0.004 -17"><span class='ocrx_word' id='word_1_488' title='bbox 389 3147 396 3151; x_wconf 69' lang='grc'><strong>,</strong></span> <span class='ocrx_word' id='word_1_489' title='bbox 434 3095 758 3157; x_wconf 83' lang='lat' dir='ltr'>fignificatione</span> <span class='ocrx_word' id='word_1_490' title='bbox 781 3094 1016 3153; x_wconf 63' lang='lat' dir='ltr'>muletare,</span> <span class='ocrx_word' id='word_1_491' title='bbox 1067 3094 1192 3161; x_wconf 90' lang='lat' dir='ltr'>quod</span> <span class='ocrx_word' id='word_1_492' title='bbox 1218 3095 1271 3144; x_wconf 86' lang='lat' dir='ltr'>fit</span> <span class='ocrx_word' id='word_1_493' title='bbox 1292 3093 1568 3153; x_wconf 86' lang='lat' dir='ltr'>emendati0‚</span> <span class='ocrx_word' id='word_1_494' title='bbox 1603 3107 1708 3142; x_wconf 85' lang='lat' dir='ltr'>nam</span> <span class='ocrx_word' id='word_1_495' title='bbox 1732 3091 1906 3140; x_wconf 59' lang='lat' dir='ltr'>mulcta</span> <span class='ocrx_word' id='word_1_496' title='bbox 1929 3091 1993 3140; x_wconf 87' lang='lat' dir='ltr'>est</span> <span class='ocrx_word' id='word_1_497' title='bbox 2016 3105 2203 3155; x_wconf 81' lang='lat' dir='ltr'>propter</span> <span class='ocrx_word' id='word_1_498' title='bbox 2235 3105 2392 3138; x_wconf 82' lang='lat' dir='ltr'>emen-</span> 
     </span>
    </p>
   </div>
   <div class='ocr_carea' id='block_1_3' title="bbox 398 3133 2398 3286">
    <p class='ocr_par' dir='ltr' id='par_1_6' title="bbox 398 3133 2398 3286">
     <span class='ocr_line' id='line_1_45' title="bbox 398 3133 2174 3220; baseline 0.005 -9"><span class='ocrx_word' id='word_1_499' title='bbox 398 3190 406 3197; x_wconf 92' lang='lat'><strong>·</strong></span> <span class='ocrx_word' id='word_1_500' title='bbox 436 3133 2174 3220; x_wconf 79' lang='lat' dir='ltr'>dationem..</span> 
     </span>
     <span class='ocr_line' id='line_1_46' title="bbox 2249 3221 2398 3286; baseline 0.007 -2"><span class='ocrx_word' id='word_1_501' title='bbox 2249 3221 2398 3286; x_wconf 61' lang='lat'><strong>9046÷</strong></span> 
     </span>
    </p>
   </div>
  </div>
 </body>
</html>
