2722 3684
599 171 1104 252 CAPUT
1195 167 2164 252 VIGESIMUM.
2289 199 2418 254 201

424 306 710 373 intelligatur
747 294 842 352 voit
883 298 1008 371 tubae
1045 296 1122 345 seu
1154 295 1378 359 buccinae,
1413 300 1489 350 sed
1531 302 1710 353 Verum
1751 303 1987 354 Divinum
2023 321 2103 370 per
2135 306 2327 358 Coelum
2363 306 2412 354 in

428 377 589 426 forma
617 371 809 429 interna,
861 368 913 418 δε
953 379 1046 431 ejus
1082 367 1429 430 evangelizatiO,
1479 370 1691 420 videatur
1714 387 1745 420 n
1765 388 1776 418 ε
1800 372 1935 432 4060
1957 373 2050 420 fin:
2074 384 2174 421 turn
2207 378 2334 440 8815
2359 374 2412 423 &

397 443 569 507 '8823.

483 507 633 574 8916.
667 505 734 555 Et
756 514 966 553 montem
990 499 1262 558 fumantem,
1297 501 1423 567 quod
1441 503 1665 567 fignificet
1688 504 1838 572 ipsum
1860 506 2040 555 bonum
2064 506 2163 554 veri
2189 524 2280 556 non
2307 523 2411 572 per-

412 575 630 641 ceptibile
654 573 739 621 nifi
761 574 810 620 in
833 582 1021 617 externa
1039 566 1204 624 forma,
1241 570 1413 619 constat
1450 586 1509 618 ex
1551 572 1876 637 fignificatione
1916 574 2104 631 montiS,
2141 574 2214 622 hic
2240 575 2408 624 mont1s

414 642 558 701 Sinai,
582 641 723 706 quod
747 639 801 687 fit
840 637 1069 687 Divinum
1106 634 1292 683 Bonum
1332 638 1514 685 unitum
1540 639 1718 688 Divino
1734 641 1861 689 Vero
1885 641 1930 688 in
1957 641 2112 698 Coelo,
2148 642 2207 689 de
2229 658 2322 706 qua
2345 658 2374 689 n
2395 658 2406 687 :

413 712 544 773 8805
565 729 583 765 3
620 713 671 757 &
694 722 750 756 ex
778 704 1108 767 significatione
1134 700 1373 762 fumantis,
1408 705 1537 769 quod
1558 706 1611 754 fit
1631 706 1679 755 in
1701 721 1887 757 externa
1903 707 2089 764 forma3
2125 710 2254 774 quod
2279 709 2326 758 id
2353 708 2409 757 fit

412 777 613 834 fumans,
648 777 713 824 est
737 774 848 839 quia
870 771 1104 819 Divinum
1124 768 1305 818 Verum
1329 772 1404 820 seu
1416 772 1471 821 =V
1474 773 1638 821 erbum
1663 774 1708 822 in
1732 776 1906 828 interna
1930 775 2078 824 forma
2100 776 2165 823 est
2182 775 2410 824 instar'lu-

408 845 474 894 cis
496 861 547 893 ac
571 841 707 892 instar
732 843 956 896 flammae,
993 850 1040 886 at
1079 837 1128 883 in
1150 851 1334 886 externa
1357 838 1508 887 forma
1545 841 1611 888 est
1650 841 1786 891 instar
1824 842 1956 893 nubis
1996 845 2046 891 δε
2083 842 2216 890 instar
2252 842 2372 890 fumi
2392 863 2407 897 ;

410 911 540 962 causa
562 910 646 968 est,
682 908 789 975 quia
805 907 985 954 Verum
1010 903 1240 951 Divinum
1260 904 1335 952 seu
1358 906 1564 954 Verbum
1588 907 1637 956 in
1654 908 1830 957 interna
1854 909 2001 957 forma
2023 909 2088 957 est
2112 909 2245 974 quale
2267 909 2333 957 est
2357 910 2405 958 in

408 979 555 1038 coele,
589 978 651 1025 ita
668 974 805 1042 quale
823 972 889 1020 est
911 973 958 1020 in
983 972 1084 1022 luce
1102 969 1184 1026 ibi,
1217 982 1265 1018 at
1281 972 1331 1019 in
1347 985 1537 1022 externa
1554 972 1706 1022 forma
1724 975 1790 1024 est
1812 975 1946 1041 quale
1965 976 2091 1026 estin
2110 977 2306 1034 munde,
2343 978 2407 1026 ita

402 1047 540 1112 quale
562 1043 628 1094 est
651 1043 699 1090 in
735 1040 915 1089 lumine
939 1037 1024 1096 ibi,
1060 1035 1110 1084 &
1136 1035 1296 1087 lumen
1324 1041 1492 1088 mundi
1516 1039 1762 1105 respecstive
1786 1047 1842 1090 ad
1866 1043 2016 1092 lucem
2052 1043 2159 1091 coeli
2182 1043 2245 1090 est
2270 1043 2404 1092 instar

413 1114 565 1163 nubis:
600 1111 678 1159 seu
696 1107 946 1173 respeffive
967 1104 1028 1152 'ad
1044 1103 1281 1177 flammam
1307 1106 1441 1155 instar
1462 1106 1584 1155 fumi
1607 1125 1618 1155 :
1642 1108 1816 1159 Verum
1834 1109 2066 1158 Divinum
2091 1110 2168 1157 seu
2192 1111 2404 1159 Verbum

412 1180 464 1228 in
487 1180 666 1228 interna
698 1176 847 1224 forma
868 1173 933 1222 est
958 1171 1105 1221 sensus
1148 1187 1245 1235 ejus
1269 1173 1485 1233 internus,
1521 1175 1571 1222 δε
1597 1174 1643 1222 in
1667 1189 1848 1225 externa
1871 1177 1935 1226 est
1958 1176 2108 1225 sensus
2131 1175 2225 1241 ejus
2258 1191 2404 1226 exter-

415 1261 502 1296 nus
525 1246 600 1295 seu
621 1242 837 1298 literalis;
872 1239 1004 1306 quod
1025 1239 1102 1287 hie
1121 1237 1269 1287 sensus
1292 1243 1368 1291 seu
1402 1241 1584 1291 literalis
1601 1242 1777 1293 dicatur
1809 1245 1969 1302 nubeS,
2005 1245 2216 1293 videatur
2236 1243 2407 1293 Praefa-

411 1314 480 1363 tio
502 1313 561 1361 ad
585 1311 718 1376 Cap:
758 1322 917 1359 xvm:
957 1305 1140 1354 Gener:
1176 1307 1228 1355 &
1266 1325 1329 1358 ne
1371 1309 1518 1369 4060.
1542 1325 1693 1375 4391.
1719 1327 1865 1375 5922.
1903 1311 2051 1375 6343.
2075 1313 2220 1376 6752.
2252 1313 2401 1362 8106.

411 1382 574 1446 87813
622 1381 675 1428 &
708 1377 836 1443 quod
869 1374 1042 1431 fumus,
1077 1372 1143 1421 est
1174 1373 1285 1438 quia
1317 1392 1396 1442 per
1418 1374 1604 1424 fumum
1628 1377 1907 1441 fignificatur
1924 1379 2162 1426 obscurum
2190 1380 2300 1436 veri,
2336 1395 2401 1426 n:

402 1449 560 1513 8819.
631 1445 773 1510 Qod
795 1443 940 1491 Mons
963 1443 1223 1507 apparuerit
1255 1443 1437 1491 fumans
1458 1458 1615 1492 coram
1657 1444 1764 1492 filiis
1802 1444 1989 1504 IsraeliS,
2026 1461 2120 1494 non
2158 1457 2253 1494 erat
2291 1447 2403 1511 quia

407 1515 647 1564 Divinum
673 1512 736 1560 'rbi
761 1511 848 1559 tale
871 1508 960 1558 fuit
979 1530 995 1564 ς
1029 1508 1106 1556 ied
1129 1507 1239 1571 quia
1256 1511 1487 1559 Divinum
1510 1523 1699 1575 apparet
1720 1510 1971 1578 unicuique
1994 1511 2240 1561 secundum
2265 1514 2402 1578 quale

419 1580 515 1646 ejus
536 1583 616 1646 qui
637 1579 750 1627 illud
774 1577 938 1631 videt,
972 1577 1024 1624 &
1047 1577 1179 1639 quale
1202 1574 1388 1627 illorum
1416 1578 1500 1641 qui
1531 1579 1768 1635 videbant,
1803 1593 1916 1638 erat,
1952 1592 2003 1628 ut
2026 1579 2073 1627 in
2097 1580 2294 1628 externis
2318 1596 2403 1645 po·

424 1661 587 1696 nerent
610 1662 749 1695 omne
771 1644 938 1702 cultus,
972 1643 1023 1691 &
1048 1641 1164 1690 nihil
1192 1643 1237 1690 in
1262 1645 1481 1700 internis;
1515 1645 1567 1693 &
1587 1648 1713 1710 quod
1741 1645 1848 1694 inde
1872 1647 2177 1709 intelligerent
2194 1647 2401 1697 Verbum

411 1716 563 1765 solum
590 1713 834 1762 secundum
854 1709 1033 1759 sensum
1056 1708 1242 1766 literae3
1291 1712 1464 1760 idcirco
1487 1712 1716 1761 Divinum
1738 1713 1895 1777 quoad
1919 1728 2099 1771 verum,
2133 1713 2262 1778 quod
2289 1729 2398 1778 pro-

407 1782 724 1847 mulgabatur,
759 1794 853 1827 non
877 1779 1004 1826 aliter
1025 1779 1183 1843 potuit
1209 1777 1298 1827 illis
1320 1794 1556 1844 apparere,
1601 1795 1741 1845 quam
1767 1779 1881 1828 ficut
1903 1778 2076 1839 fumus,
2113 1780 2203 1828 hoc
2227 1780 2309 1837 est,
2344 1780 2400 1828 fi-

406 1863 490 1898 cut
511 1849 797 1903 obscurum3
833 1846 961 1894 unde
983 1847 1123 1892 etiam
1157 1845 1343 1905 dicitur,
1377 1846 1506 1912 quod
1545 1845 1749 1896 steterint
1787 1862 1813 1894 e
1850 1847 2126 1912 longinquo,
2166 1862 2244 1912 per
2267 1847 2399 1912 quod

409 1917 691 1982 significatur
707 1913 835 1978 quod
851 1912 1018 1963 remoti
1041 1911 1212 1962 fuerint
1232 1915 1291 1962 ab
1313 1915 1525 1963 internis:
1561 1913 1636 1962 sed
1659 1914 1718 1962 de
1741 1914 1810 1962 his
1834 1912 1947 1961 infra
1969 1915 2111 1978 plura.

477 1989 626 2049 8917.
663 1982 731 2030 Et
750 1981 873 2029 vidit
894 1979 1098 2047 populus
1119 1980 1172 2028 &
1193 1983 1423 2030 commoti
1446 1980 1567 2038 sunt,
1602 1981 1731 2045 quod
1760 1980 1983 2046 significet
2005 1994 2275 2040 tremorem,
2311 1979 2397 2046 qui

403 2048 473 2099 est
496 2066 604 2099 cum
627 2049 930 2113 recipiuntur,
964 2061 1134 2110 nempe
1154 2047 1331 2097 Divina
1347 2049 1485 2106 Vera,
1522 2049 1698 2097 constat
1730 2063 1790 2095 ex
1823 2047 2154 2111 fignificatione
2186 2064 2399 2097 commo-

407 2117 524 2176 veri,
558 2115 690 2182 quod
709 2116 762 2163 fit
784 2126 975 2172 tremor,
1007 2113 1084 2161 hic
1100 2126 1270 2164 tremor
1292 2115 1436 2180 qualis
1458 2114 1524 2163 est
1539 2130 1652 2164 cum
1676 2114 1954 2180 recipiuntur
1977 2115 2149 2165 Divina
2164 2115 2304 2174 Vera,
2336 2115 2398 2165 de

405 2200 504 2251 quo
522 2197 719 2234 tremore
744 2182 956 2231 videatur
979 2196 1042 2235 n:
1069 2195 1218 2247 5459.
1244 2185 1390 2233 8816.
1500 2199 1505 2204 ·

475 2255 625 2316 8918.
662 2249 731 2298 Et
753 2248 971 2298 steterunt
1003 2263 1030 2296 e
1062 2249 1342 2315 longinquo,
1376 2248 1504 2316 quod
1526 2247 1749 2314 significet
1773 2248 2078 2299 remotionem
2101 2250 2159 2299 ab
2183 2250 2392 2312 interniS,

398 2320 582 2369 constat
604 2333 664 2366 ex
681 2315 1011 2380 fignific'iatione
1033 2314 1146 2366 stare
1167 2331 1194 2364 e
1217 2317 1494 2383 longinquO,
1528 2318 1660 2382 quod
1683 2317 1740 2366 fit
1772 2329 1963 2376 remote,
1999 2318 2074 2366 hic
2105 2318 2163 2367 ab
2185 2319 2393 2378 interniS‚

401 2387 518 2450 quia
541 2401 567 2435 a
588 2395 750 2435 monte
764 2384 909 2443 Sinai,
943 2399 1025 2450 per
1047 2399 1189 2448 quem
1204 2384 1480 2450 significatur
1493 2383 1684 2434 Coelum
1703 2386 1753 2435 &
1770 2383 2002 2433 Divinum
2019 2385 2101 2443 ibi,
2136 2401 2167 2432 n
2189 2403 2199 2434 :
2227 2390 2356 2451 8805
2373 2407 2392 2444 ς

399 2452 500 2501 five
520 2452 642 2501 dicas
658 2463 835 2500 remote
851 2468 880 2501 a
896 2451 1091 2509 Divin0,
1125 2453 1218 2502 five
1238 2468 1265 2500 a
1287 2453 1431 2510 coe10,
1469 2451 1545 2500 seu
1568 2453 1628 2502 ab
1649 2452 1856 2510 interniS‚
1891 2451 2018 2500 idem
2041 2453 2124 2511 est,
2162 2469 2269 2502 narn
2291 2452 2392 2503 eoe-

404 2518 504 2567 lum
528 2519 594 2567 est
615 2519 664 2566 in
686 2518 876 2568 internis
898 2539 916 2575 ;
952 2518 1186 2568 internum
1205 2520 1330 2569 enim
1353 2518 1557 2568 hominis
1580 2517 1711 2567 estin
1738 2518 1838 2566 luce
1856 2518 1980 2577 coeli,
2014 2520 2064 2567 &
2084 2532 2326 2569 externum
2344 2522 2393 2569 in

396 2584 503 2634 >luce
527 2585 729 2641 mundi}
761 2585 839 2635 seu
861 2587 992 2652 quod
1013 2587 1160 2645 idem,
1193 2587 1348 2636 anima
1386 2586 1461 2635 seu
1503 2586 1690 2650 spiritus
1729 2584 1952 2644 hominis,
1989 2585 2051 2634 est
2085 2587 2132 2634 in
2156 2587 2310 2645 Coelo,
2333 2599 2395 2637 vt

407 2667 574 2717 corpus
598 2654 646 2701 in
670 2652 885 2709 mundo;
919 2654 1098 2703 coelurn
1116 2653 1180 2702 est
1194 2654 1392 2719 propius
1409 2653 1589 2702 Divino
1603 2668 1750 2718 vquarn
1775 2651 1980 2700 mundus
2013 2653 2120 2718 quia
2141 2654 2201 2702 ibi
2222 2655 2286 2702 est
2306 2656 2395 2704 Di·

403 2720 569 2768 vinum
612 2717 811 2768 Domini
849 2735 1057 2785 regnans,
1092 2722 1144 2770 δε
1167 2722 1250 2777 ,est
1276 2736 1422 2771 omne
1456 2720 1510 2768 in
1544 2720 1779 2768 omnibus.
1846 2720 1996 2782 Quod
2021 2720 2204 2769 ulterius
2226 2722 2396 2786 spefiat

393 2786 792 2851 ·1ignificationem
810 2785 1072 2852 longinqui,
1107 2787 1490 2852 scienduquuod
1516 2787 1826 2851 longinquum
1849 2787 1894 2834 in
1912 2786 2132 2850 spirituali
2152 2788 2275 2837 sensu
2300 2805 2394 2839 non

394 2870 490 2920 ,pr-o
503 2851 686 2917 objecto
709 2853 872 2901 habeat
888 2853 1105 2917 spati-um,
1140 2855 1214 2903 sed
1233 2855 1485 2913 Divinum,
1521 2855 1583 2903 ita
1604 2856 1776 2902 bonum
1796 2854 1848 2901 &
1866 2868 2029 2902 verum
2052 2865 2083 2910 ;·
2101 2855 2312 2904 distantia
2334 2858 2394 2904 ab

391 2921 620 2988 -ipfissimo
643 2922 768 2969 bono
790 2921 919 2984 quod
944 2921 1156 2985 procedit
1175 2937 1203 2969 a
1228 2921 1410 2970 Divino
1442 2919 1551 2969 facit
1585 2921 1869 2985 apparentias
1901 2920 2130 2970 distantiae
2162 2923 2205 2970 in
2229 2924 2353 2971 coelo
2374 2943 2391 2978 3

410 2999 634 3056 apparent
655 2987 719 3036 ibi
739 2985 974 3037 societates
992 2987 1240 3050 Angelicae
1272 2987 1519 3045 distinaae,
1557 2987 1656 3035 imo
1677 2987 1839 3035 diffitae
1862 3002 1888 3034 a
1911 2987 1954 3035 se
1979 3001 2160 3046 mutuo,
2196 2990 2269 3037 sed
2298 2990 2394 3037 ide·

406 3057 476 3104 ale
498 3056 588 3106 hoc
610 3054 744 3119 spatii
767 3055 897 3104 venit
918 3070 942 3102 a
967 3054 1173 3102 distantia
1197 3071 1227 3114 a,
1245 3054 1371 3102 bono
1394 3055 1445 3102 δε
1470 3069 1580 3101 vero
1603 3069 1714 3118 quae
1735 3069 1760 3100 a
1778 3054 1955 3103 Divino
1975 3056 2191 3111 Domini,
2220 3068 2279 3103 ut
2296 3055 2395 3104 dic·

390 3132 502 3170 tum
525 3122 618 3170 est:
655 3122 744 3171 hoc
778 3137 872 3170 non
907 3121 1037 3169 aliter
1071 3121 1221 3186 potest
1242 3121 1391 3170 videri
1413 3135 1554 3183 quam
1580 3120 1862 3184 paradoxon,
1897 3121 2144 3186 imoquafi
2168 3122 2390 3171 absonum

393 3189 563 3257 multis
582 3188 632 3258 in
655 3188 872 3258 mund05
905 3188 1032 3259 eausa
1053 3189 1118 3259 ςίζ
1140 3188 1575 3304 quia-cogitationes
1599 3188 1650 3240 &
1667 3187 1835 3239 harum
1860 3188 1978 3240 ideae
1995 3187 2123 3256 ’apud
2148 3189 2403 3307 hofmigem‘

849 3277 853 3281 ·
1399 3270 1426 3304 c
2222 3273 2284 3307 un
2319 3273 2396 3307 an-
