2722 3684
609 161 911 228 c-AP-UT
956 154 1455 225 V1GE31MUM
1500 154 2005 227 SECUNDUM.
2201 186 2335 251 339

331 285 520 344 statuas,
557 284 606 333 δι’
625 285 761 334 deum
783 282 867 331 sub
890 280 1012 328 varia
1035 280 1180 344 specie
1203 279 1339 338 idoli,
1389 270 1449 327 ita
1471 290 1658 327 externa
1678 278 1844 343 absque
1869 280 2047 328 interno
2067 301 2081 336 ς
2115 282 2245 346 quod
2269 282 2326 331 fit

340 355 544 419 quando>
569 353 775 400 Internus
816 350 961 396 homo
997 346 1170 395 clausus
1191 345 1289 401 est;
1340 346 1563 394 clauditur
1587 345 1660 392 ille
1684 361 1768 409 per
1789 347 1930 394 vitam
1956 347 2063 395 mali
2085 368 2098 402 3
2135 364 2218 412 per
2243 349 2325 398 bo-

342 436 455 469 num
480 418 603 467 enim
628 416 776 463 influit
796 415 1054 472 Dominus,
1091 415 1141 462 ὅτ
1163 413 1310 476 aperit
1334 412 1570 468 internumv
1597 411 1858 470 hominem,
1897 413 2003 462 inde
2035 428 2115 477 per
2149 415 2324 464 malum
2414 430 2421 434 ⁴

344 487 571 535 clauditur
592 483 721 537 ville·,
755 498 853 546 quo
883 480 1052 538 clauso,
1087 476 1326 528 vertuntur
1349 485 1453 526 vera
1484 479 1528 526 in
1556 477 1698 533 falsa,
1733 478 1783 524 &
1817 479 1895 526 ubi
1938 492 2140 537 manent,
2176 481 2324 530 solum

346 553 545 603 serviunt
585 549 714 597 malis
749 565 856 612 quae
892 546 994 595 sunt
1032 546 1284 607 amorislsui
1310 548 1358 595 δι
1385 545 1581 600 mundi;
1617 545 1866 608 principale
1901 546 2048 594 cultus
2071 548 2234 594 interni
2259 549 2326 596 est

343 616 585 683 agnoscere
625 617 904 671 Dominum,
961 613 1117 660 solum·
1133 615 1183 661 &
1207 613 1394 660 unicum
1421 614 1595 669 Deum,
1645 613 1696 659 ὅτ.
1717 612 1842 674 quod
1867 613 1923 660 ab
1946 612 2052 676 Ipso
2084 628 2222 660 omne
2247 614 2328 661 bo-

292 685 297 688 *
346 701 456 733 num
481 686 531 732 δε
555 698 717 730 verum
741 703 755 736 3
806 682 886 745 qui
911 680 1060 743 ipsum
1087 679 1131 726 in
1158 678 1354 727 Ecclesia
1377 695 1468 726 non
1491 679 1756 739 agnoscunt,
1808 695 1900 726 non
1925 680 2109 743 poffunt
2133 680 2178 726 in
2201 680 2328 727 bono

343 752 447 807 effe,
484 752 545 798 ita
586 765 667 797 nec
701 749 745 795 in
792 763 902 794 vero
927 767 942 801 ς
978 747 1027 793 δε
1050 745 1296 809 agnoscunt
1318 746 1396 809 qui
1425 746 1469 793 in
1505 745 1595 793 fide
1625 743 1726 791 sunt
1749 745 1799 792 &
1823 745 1956 792 simul
1976 745 2019 792 in
2047 742 2170 793 bono
2194 746 2326 803 vitae,

349 834 441 865 non
465 829 618 864 autem
637 816 719 879 qui
746 816 792 862 in
816 813 936 861 malo
953 814 1084 869 vitae‚
1122 828 1179 859 n:
1207 816 1331 878 8878
1356 833 1371 866 ς
1405 812 1531 874 quod
1555 811 1796 872 agnoscere
1819 812 1869 859 ὅτ
1892 812 2035 859 colere
2061 812 2324 861 Dominum

346 887 401 933 fit
426 883 578 930 vivere
602 882 849 935 secundum
875 891 1102 943 praecepta
1127 878 1286 942 Ipfius,
1322 878 1410 925 hoc
1432 877 1514 933 est,
1550 879 1704 924 vivere
1722 876 1869 926 vitam
1887 878 1992 926 fidei
2013 878 2063 926 &
2079 877 2326 936 charitatis,

347 950 558 998 videatur
582 958 638 996 n:
678 953 803 1009 8252
830 947 886 994 ad
914 949 970 993 82
980 959 1076 1009 573
1133 944 1226 991 vita
1251 944 1358 992 fidei
1381 945 1444 991 est
1468 943 1609 991 facere
1631 956 1860 1007 praecepta
1884 960 1942 991 ex
1964 945 2238 1002 obedientia,
2275 947 2328 994 &
2408 956 2417 959 “

349 1017 444 1067 vita
461 1015 686 1063 charitatis
711 1000 774 1060 esst
798 1011 940 1060 facere
965 1022 1192 1074 praecepta
1216 1026 1274 1057 ex
1295 1025 1465 1058 amore.

415 1083 560 1146 6194.
597 1082 908 1142 Praeterquam
933 1076 1130 1138 Jehovae
1149 1075 1246 1132 soli,
1281 1075 1404 1140 quod
1430 1075 1655 1138 significet
1673 1075 1800 1140 quod
1822 1076 2076 1135 DominuS,
2111 1077 2191 1141 qui
2213 1078 2332 1126 solus
2402 1096 2415 1107 „

340 1151 397 1197 «ὅτ
415 1151 574 1196 unicus
595 1148 740 1203 DeuS,
778 1146 831 1192 fit
853 1143 1089 1199 colendus,
1123 1142 1298 1190 constat
1318 1158 1375 1190 ex
1397 1141 1724 1204 significatione
1749 1142 2002 1199 sacrificare,
2039 1144 2111 1189 hic
2133 1144 2332 1204 Jehovae

347 1216 448 1272 soli,
483 1215 611 1278 quod
637 1215 689 1261 fit
712 1211 875 1267 cultus,
911 1211 969 1258 de
992 1226 1086 1274 qua
1110 1209 1239 1273 supra
1258 1225 1313 1255 n:
1341 1225 1466 1322 7¹32
1488 1230 1502 1264 ;
1537 1209 1665 1273 quod
1703 1209 1900 1272 Jehovae
1925 1210 1975 1258 sit
2000 1210 2230 1266 Domino,
2266 1212 2333 1259 est

343 1282 454 1347 quia
472 1296 549 1344 per
575 1280 803 1344 Jehovam
823 1280 866 1325 in
888 1277 1044 1324 Verbo
1069 1291 1158 1323 non
1177 1275 1288 1322 alius
1303 1275 1402 1333 inte
1433 1273 1571 1336 igitur
1588 1291 1731 1339 quam
1751 1274 2005 1334 Dominus,
2041 1275 2251 1324 videatur
2271 1293 2300 1324 n
2318 1293 2333 1324 ι

355 1339 500 1410 1343.
544 1348 681 1411 1736.
727 1359 874 1409 2921.
914 1357 1057 1407 3023.
1101 1356 1247 1404 3035.
1282 1342 1431 1406 4692.
1469 1340 1616 1404 5663.
1642 1342 1787 1406 6303.
1823 1341 1971 1403 6905.
1998 1342 2166 1402 8864;
2200 1342 2333 1407 quod

348 1415 594 1470 Divinum,
630 1413 760 1476 quod
799 1408 984 1458 vocavit
1022 1409 1224 1464 Patrem,
1277 1407 1329 1454 fit
1367 1407 1600 1455 Divinum
1642 1407 1837 1454 Bonum·
1867 1408 1913 1454 in
1934 1407 2056 1471 Ipse,
2092 1425 2121 1457 n
2143 1426 2157 1456 ε
2182 1412 2333 1474 2803.

355 1496 501 1543 3704.
531 1494 678 1542 7499.
707 1480 833 1539 8897
857 1498 870 1531 ·,
908 1477 969 1522 ita
991 1474 1120 1538 quod
1146 1473 1377 1521 Dominus
1401 1472 1454 1520 fit
1474 1474 1610 1521 Solus
1634 1473 1683 1520 ὅτ
1707 1473 1887 1522 Unicus
1910 1473 2057 1532 Deus,
2093 1491 2121 1522 n
2145 1493 2156 1523 :
2187 1475 2334 1540 1607.

353 1562 501 1609 2¹49·
539 1546 682 1606 2156-
721 1559 866 1605 2329·
904 1555 1052 1602 2447·
1090 1555 1234 1603 2751·
1270 1555 1416 1601 3194·
1459 1555 1605 1603 3704·
1642 1554 1787 1603 37¹2·
1820 1543 1963 1603 3938·
1994 1556 2144 1607 4577·
2183 1542 2337 1606 4687:

355 1627 502 1675 53²1·
541 1613 687 1722 62680.
726 1611 873 1672 6371.
914 1609 1059 1671 6849.
1099 1607 1246 1670 6993.
1290 1619 1433 1669 7014.
1473 1609 1617 1668 7182.
1654 1620 1799 1670 7209.
1839 1609 1982 1665 8241.
2011 1611 2155 1672 8724.
2185 1608 2335 1672 8763.

421 1694 516 1807 9⁴i9
524 1761 567 1804 5.
603 1692 746 1789 ffers:
787 1756 865 1790 20.
894 1757 971 1791 21.
999 1755 1075 1787 22.
1105 1749 1182 1802 23.
1241 1739 1305 1786 Et
1321 1740 1595 1802 peregrinum
1620 1754 1699 1786 non
1732 1738 1902 1803 affliges,
1939 1738 2091 1788 &non
2110 1742 2339 1804 opprimes}

353 1813 455 1878 quia
475 1810 688 1873 peregrini
701 1807 847 1870 fuistis
867 1810 911 1854 in
928 1817 1048 1855 terra
1073 1805 1268 1870 AEgypti.
1339 1804 1682 1854 Ullamviduam
1699 1806 1753 1855 Es?
1768 1806 2003 1868 orphanum
2020 1822 2100 1855 non
2116 1808 2336 1872 affligetis.

292 1896 299 1899 ⁴
352 1880 402 1925 Si
420 1875 637 1940 affligendo
660 1873 855 1935 afflixeris
887 1874 1022 1930 illum,
1058 1871 1168 1937 quod
1189 1872 1233 1932 fi
1267 1871 1522 1928 clamaverit
1543 1871 1602 1919 ad
1623 1874 1723 1929 Me,
1763 1872 1966 1921 audiendo
1986 1871 2162 1922 audiam
2185 1874 2337 1922 clamo-

358 1960 449 1992 rem
469 1945 565 2010 ejus.
618 1942 681 1989 Et
703 1939 935 1995 exardescet
959 1943 1029 1988 ira
1051 1954 1159 1995 mea,
1195 1937 1251 1986 ἐπ”
1269 1937 1451 1986 occidam
1475 1953 1552 1986 vos
1564 1938 1727 2003 gladio,
1764 1939 1820 1988 &
1830 1937 1941 1998 fient
1964 1939 2161 1989 mulieres
2183 1940 2338 2001 vqstrae

355 2010 518 2065 viduae,
555 2009 610 2058 ΕΞ
628 2008 714 2069 filii
736 2007 866 2067 vestri
887 2007 1079 2068 orphani.
1150 2003 1214 2052 Et
1241 2004 1529 2068 peregrinum
1571 2020 1661 2052 non
1688 2005 1862 2068 affliges
1886 2007 1935 2054 ὅτ
1960 2022 2050 2053 non
2082 2007 2339 2070 opprimes,

355 2077 576 2140 fignificat
598 2075 722 2139 quod
745 2074 824 2137 qui
851 2073 896 2119 in
931 2074 1047 2120 veris
1071 2072 1119 2119 &
1145 2071 1275 2118 bonis
1306 2072 1413 2119 fidei
1441 2070 1594 2118 instrui
1617 2071 1778 2118 volunt
1800 2088 1892 2120 non
1916 2071 2031 2121 falsis
2047 2072 2270 2121 doetrinae
2285 2089 2340 2121 ac

356 2143 486 2190 malis
511 2142 620 2188 vitae
644 2139 878 2187 infestandi
900 2156 910 2185 :
946 2139 1053 2204 quia
1083 2138 1307 2201 peregrini
1341 2136 1483 2184 fuistis
1510 2138 1556 2184 in
1581 2150 1694 2185 terra
1714 2138 1929 2201 AEgypti,
1965 2139 2186 2203 fignificat
2207 2139 2342 2205 quod

354 2225 380 2256 a
402 2208 516 2256 falsis
535 2209 584 2256 δε
609 2207 739 2255 malis
763 2206 898 2254 tutati
915 2206 1001 2254 sint
1026 2220 1130 2253 cum
1157 2203 1351 2252 infestati
1376 2205 1432 2251 ab
1457 2197 1780 2252 infernalibus:
1818 2204 1980 2253 Ullam
2002 2205 2213 2264 viduam,
2249 2206 2342 2270 fig-

357 2277 511 2324 nificat
541 2276 621 2339 qui
653 2275 699 2321 in
725 2274 849 2321 bono
881 2272 1044 2337 absque
1068 2287 1178 2318 vero
1200 2270 1318 2328 sunt,
1354 2271 1404 2318 δε
1427 2269 1561 2335 usque
1583 2270 1832 2320 desiderant
1866 2287 2057 2320 verum:
2100 2274 2150 2322 δι
2173 2273 2340 2338 orpha·

360 2359 495 2399 num,
535 2339 786 2402 fignificant
822 2339 903 2403 qui
932 2340 976 2386 in
1007 2353 1118 2384 vero
1141 2337 1243 2384 sunt
1261 2339 1312 2385 δε
1337 2337 1544 2400 nondum
1578 2339 1626 2385 in
1659 2337 1800 2395 bono,
1851 2339 1902 2386 δε
1924 2339 2064 2403 usque
2086 2340 2340 2388 desiderant

357 2409 534 2456 bonurn
555 2425 565 2452 z
605 2421 694 2453 non
714 2406 946 2468 affligetis,
970 2403 1190 2465 fignificat
1209 2403 1335 2469 quod
1356 2418 1446 2451 non
1464 2402 1757 2469 defraudandi
1779 2422 1790 2452 ε
1816 2405 1849 2453 fi
1866 2404 2112 2470 affligendo
2133 2405 2341 2455 afflixeris

309 2506 315 2511 κ
359 2476 510 2528 illum,
547 2473 767 2534 fignificat
791 2473 822 2519 fi
846 2472 1196 2518 defraudantur:
1234 2470 1361 2534 quod
1387 2471 1416 2517 fi
1440 2464 1685 2550 claman'g)
1705 2471 1964 2519 clamaverit
1988 2473 2045 2519 ad
2064 2472 2166 2528 Me,
2202 2473 2342 2536 figni-

360 2542 464 2588 ficat
483 2539 852 2602 supplicationem
878 2538 931 2585 ad
964 2537 1222 2584 Dominum
1247 2537 1306 2584 de
1329 2551 1448 2599 ope:
1484 2537 1649 2586 audien
1745 2537 1927 2585 audiam
1959 2538 2206 2586 clamorem
2240 2539 2342 2587 illo-

360 2623 481 2661 rum,
522 2605 742 2665 fignificat
779 2604 908 2669 quod
926 2603 1251 2667 opitulandi&
1275 2601 1529 2665 exardescet
1553 2604 1614 2650 ira
1790 2603 2014 2667 fignificat
2036 2603 2204 2665 statum
2235 2605 2341 2655 illo-

362 2690 464 2720 rum
499 2670 657 2736 quiid
693 2671 887 2718 faciunt:
911 2712 913 2715 .
941 2672 991 2719 &
1023 2669 1227 2731 occidam
1265 2685 1347 2718 vos
1381 2669 1550 2730 gladio,
1603 2668 1670 2732 [ig
1709 2727 1714 2734 .
1755 2682 1825 2716 cat
1857 2670 1987 2733 quod
2021 2667 2064 2717 se
2093 2670 2341 2734 deprivent

364 2741 492 2787 bono
532 2738 580 2783 δε
625 2752 734 2784 vero
769 2752 850 2801 per
889 2735 1025 2783 fallat
1063 2737 1114 2783 &
1154 2737 1266 2783 fient
1312 2736 1520 2784 mulieres
1558 2722 1729 2783 vestrae'
1752 2735 1923 2793 viduae,
1958 2737 2180 2799 significat
2210 2739 2340 2801 quod

364 2807 486 2853 bona
519 2803 643 2867 apud
683 2803 783 2851 illos
817 2803 1061 2867 peribunt:
1112 2803 1163 2850 δε
1204 2803 1286 2851 filii
1328 2802 1459 2850 vestri
1498 2802 1710 2867 orphani,
1756 2802 1981 2865 significat
2028 2803 2158 2869 quod
2205 2805 2342 2854 simul

357 2885 470 2921 tunc
507 2886 626 2917 vera.
883 2879 890 2886 ’

430 2937 578 3001 9196.
618 2935 679 2983 Et
703 2932 998 2998 peregrinum
1035 2949 1128 2982 non
1152 2935 1321 2999 affliges
1343 2936 1394 2984 δε
1415 2951 1506 2984 non
1530 2933 1781 2998 opprimes,
1817 2934 1945 2999 quod
1968 2935 2189 2999 significet
2209 2935 2342 3001 quod

360 3006 444 3070 qui
470 3006 516 3051 in
539 3002 656 3049 veris
680 3002 727 3048 ὅτ
753 3001 882 3048 bonis
905 3001 1030 3048 fidei·
1049 3000 1407 3059 instrui·volunt,
1461 3017 1554 3049 non
1593 2999 1708 3050 falsis
1740 3002 1847 3050 fidei
1871 3004 1922 3050 &
1945 3002 2077 3050 malis
2099 3003 2208 3051 vitae
2232 3002 2346 3052 infe-

360 3071 508 3119 standi
551 3070 648 3121 sint,
699 3066 869 3115 constat
903 3083 962 3114 ex
997 3067 1324 3128 significatione
1366 3066 1616 3132 peregrini,
1651 3068 1777 3132 quod
1802 3067 1855 3117 fit
1876 3067 1958 3132 qui
1993 3067 2147 3133 instrui
2171 3063 2274 3117 vult
2296 3069 2345 3117 in

362 3134 457 3185 illis
474 3151 581 3202 quae
604 3133 817 3185 Ecclefiae
850 3134 966 3193 sunt,
1001 3135 1065 3186 ita
1087 3136 1166 3199 qui
1192 3136 1240 3185 in
1263 3135 1381 3184 veris
1413 3136 1465 3184 &
1497 3133 1631 3185 bonis
1661 3134 1794 3196 fidei,
1827 3151 1879 3185 ac
1901 3134 1982 3200 qui
2006 3135 2168 3202 recipit
2186 3135 2276 3209 'illa‘
2295 3136 2348 3211 8c

2230 3215 2350 3251 vivit
