2722 3684
365 196 494 284 378
719 191 905 257 E
1048 178 1322 257 Xffo
1466 192 1541 258 D
1686 190 1758 257 U
1893 191 1960 258 S.

366 323 451 386 qui
468 335 492 367 a
512 319 690 385 Jacobo
714 317 804 370 nati
825 322 943 378 sunt,
979 319 1044 369 ita
1066 318 1149 384 qui
1173 319 1288 369 intra
1312 318 1563 370 Ecclesiam
1583 333 1725 370 erant·
1777 321 1943 389 ‘Qod
1979 321 2083 371 illos
2118 322 2201 389 qui
2241 322 2384 376 extra·

375 387 625 438 Ecclesiam
650 388 769 445 sunt,
805 388 855 436 δε
879 388 1048 437 Gentes
1062 400 1304 445 vocantur,
1340 402 1475 450 porro
1492 387 1743 446 concernit,
1779 387 1826 436 in
1851 389 1969 439 falsis
1989 391 2182 454 quidem
2205 391 2375 442 doetri-

375 467 451 504 nae
477 456 593 512 sunt,
629 454 703 503 sed
721 469 777 503 ex
795 455 1065 518 ignorantia,
1102 454 1210 516 quia
1229 470 1320 502 non
1347 454 1516 501 habent
1534 453 1763 513 Verbum,
1788 455 1996 519 at'usque
2016 474 2127 506 cum
2152 458 2375 519 instmffl,

375 522 424 570 in
451 524 743 587 perceptione
767 521 954 569 clariore
978 520 1097 577 sunt,
1133 522 1180 568 &
1208 521 1315 569 inde
1344 521 1390 567 in
1426 520 1713 585 perceptione
1739 522 1950 570 interiore
1976 524 2036 572 de
2059 524 2230 573 coelesti
2270 527 2368 575 vita

377 589 503 654 apud
540 589 796 644 hominem,
836 603 979 652 quam
1015 586 1296 642 Christiani·,
1345 586 1472 635 causa
1505 587 1587 643 est,
1620 589 1730 652 quia
1766 604 1856 636 non
1898 590 2285 640 confirmaverunt
2325 593 2370 642 se

377 668 535 719 contra
559 672 662 704 vera
686 655 810 710 fidei,
847 654 962 702 ficut
986 653 1222 718 purpluros
1248 652 1488 702 Christiani
1510 674 1526 708 ·‚
1563 667 1847 719 quapropter·
1864 655 2063 706 internus
2083 658 2263 706 illorum
2284 659 2367 707 ho-

381 739 464 772 mo
488 738 577 770 non
595 722 658 770 est
674 719 864 777 clausus,
901 719 976 768 sed
1001 720 1081 777 est,
1118 721 1231 769 sicut
1248 719 1370 786 apud
1400 719 1610 777 infanteS,
1646 722 1847 784 apertilis
1869 723 1918 770 δι
1942 725 2214 787 receptibilis
2238 730 2332 775 veri
2360 749 2375 783 ;
2455 770 2459 773 .
2511 784 2515 794 A

376 805 486 837 nam
512 789 591 852 qui
616 788 1008 836 confirmaverunt
1032 787 1074 835 se
1097 801 1252 835 contra
1275 803 1380 835 vera
1414 788 1466 836 ὅτ
1503 789 1621 835 bona
1647 788 1772 845 fidei,
1808 801 1859 836 ut
1900 787 2066 837 faciunt
2105 799 2267 838 omnes
2305 794 2369 842 illi

378 856 460 921 qui
485 854 599 903 male
622 855 805 911 vivunt,
843 854 905 903 illi
931 855 1053 919 apud
1080 852 1121 902 se
1142 854 1363 903 claudunt
1388 854 1622 902 Internum
1650 855 1886 902 hominem
1908 855 2051 919 supra,
2092 858 2141 906 ὅτ
2159 859 2371 922 aperiunt

377 920 514 979 infra,
549 922 672 970 unde
696 922 905 969 Internus
938 936 1098 970 eorum
1125 921 1268 970 homo
1288 921 1455 986 spectat
1479 923 1623 970 modo
1647 921 1723 969 illa
1746 937 1855 986 quae
1878 922 1994 970 infra
2025 922 2142 980 sunt,
2180 926 2267 971 hoc
2291 926 2375 984 est,

377 989 427 1036 in
442 987 701 1038 Externum
725 987 799 1036 seu
825 988 1076 1036 naturalem
1102 988 1359 1045 hominem,
1395 990 1445 1037 &
1469 988 1695 1051 perillum
1717 987 1762 1035 iu
1783 1004 1834 1035 ea
1852 1005 1961 1053 quae
1988 989 2030 1036 in
2058 991 2235 1038 mundo
2255 994 2372 1051 sunt,

376 1057 430 1104 &
453 1057 500 1104 in
524 1071 576 1104 ea
599 1072 708 1121 quae
726 1055 905 1103 circum
927 1070 1091 1119 corpus
1119 1055 1266 1111 suum,
1307 1056 1356 1107 &
1390 1070 1498 1117 quae
1538 1053 1666 1118 super
1701 1054 1861 1103 tellure
1883 1073 1902 1110 3·
1934 1057 1983 1104 δε
2008 1072 2114 1104 cum
2141 1057 2217 1114 ita,
2255 1058 2374 1122 spec-

378 1135 484 1171 tant
518 1120 749 1179 deorsum,
786 1123 913 1188 quod
949 1121 1013 1169 est
1050 1123 1199 1169 versus
1240 1122 1498 1171 infernum:
1537 1121 1660 1187 apud
1695 1122 1802 1170 tales
1826 1121 2032 1170 Internus
2058 1124 2201 1171 homo
2226 1127 2380 1174 versus
2434 1124 2437 1126 ’

378 1190 555 1238 coelum
578 1190 741 1254 aperiri
761 1205 853 1237 non
877 1188 1042 1253 potest,
1077 1187 1161 1236 nisi
1184 1188 1474 1236 discutiantur
1499 1188 1710 1250 negativa
1735 1188 1828 1235 veri
1855 1188 1928 1237 seu
1956 1190 2229 1239 affirmativa
2257 1190 2367 1250 falsi,

375 1272 488 1321 quae
511 1253 774 1312 clauserunt,
809 1271 914 1321 quae
947 1255 1223 1303 discutienda
1249 1255 1347 1303 sunt
1372 1256 1416 1302 in
1444 1256 1655 1309 mundo;
1691 1255 1815 1319 quod
1842 1271 1931 1302 non
1961 1257 2052 1303 fieri
2082 1258 2244 1320 potest,
2283 1261 2365 1307 nisi

376 1322 460 1388 per
484 1324 785 1371 inversionem
821 1323 932 1370 vitae
960 1322 1167 1379 totalem,
1206 1320 1265 1370 ita
1292 1338 1372 1386 per
1396 1322 1546 1384 plures
1569 1337 1710 1368 annos
1733 1342 1748 1375 ς
1805 1338 1906 1369 nam
1936 1322 2039 1372 falsa
2065 1339 2145 1386 per
2170 1325 2296 1372 series
2322 1325 2365 1373 se

375 1389 648 1453 disponunt,
683 1391 733 1438 &
758 1404 932 1437 nexum
956 1388 1075 1436 inter
1097 1389 1137 1435 se
1160 1389 1429 1439 continuum
1454 1386 1646 1444 faciunt,
1683 1389 1732 1436 &
1755 1387 1956 1436 formant
1994 1390 2134 1453 ipsam
2166 1407 2367 1441 mentem

375 1456 642 1513 naturalem,
677 1454 841 1516 &ejus
864 1454 1160 1505 intuitionem
1195 1455 1349 1522 quoad
1374 1456 1450 1503 illa
1474 1470 1579 1520 quae
1621 1454 1834 1502 Ecclefiae
1871 1457 1918 1503 &
1954 1456 2059 1502 coeli
2089 1456 2224 1511 sunt;
2262 1460 2370 1506 inde

374 1524 459 1580 est,
494 1523 620 1589 quod
644 1525 801 1571 omnia
824 1539 931 1587 quae
955 1522 1062 1570 fidei
1085 1523 1135 1571 ὅτ
1168 1522 1396 1571 charitatis
1433 1522 1553 1578 sunt,
1591 1521 1678 1568 hoc
1707 1522 1789 1578 est,
1827 1538 1933 1586 quae
1957 1522 2182 1572 doftrinae
2209 1525 2370 1573 Eccle-

373 1592 452 1640 fiae
476 1589 548 1638 seu
562 1604 667 1655 quae
685 1590 849 1647 Verbi,
889 1590 933 1637 in
957 1590 1194 1637 communi
1220 1589 1378 1638 o‘mnia
1395 1589 1594 1637 coelestia
1617 1589 1666 1636 δε
1688 1588 1864 1636 Divina
1890 1588 1975 1637 illis
1999 1590 2150 1653 caligo
2175 1591 2275 1650 sint,
2319 1595 2368 1641 δε

373 1657 568 1705 vicissim
588 1656 815 1706 mundana
837 1657 885 1705 δι
911 1655 1128 1704 terrestria
1153 1655 1237 1704 illis
1264 1656 1340 1703 lux
1362 1676 1379 1711 ·,
1415 1656 1519 1703 inde
1546 1668 1684 1719 patet,
1721 1655 1847 1717 quod
1872 1654 2098 1703 destruere
2117 1657 2221 1706 falsa
2245 1661 2368 1722 apud

373 1725 502 1783 tales,
538 1724 591 1772 sit
614 1723 838 1786 destruere
862 1722 1007 1787 ipsam
1035 1722 1194 1780 vitam,
1228 1725 1278 1771 ὅτ.
1306 1723 1334 1770 si
1360 1723 1448 1771 illis
1490 1738 1669 1770 novum
1698 1721 1806 1770 vitae
1830 1722 1933 1778 erit,
1971 1724 2096 1787 quod
2133 1719 2238 1772 i‘alsa
2277 1727 2371 1774 suc-

372 1793 536 1840 ceffive
559 1789 845 1856 exstirpanda
870 1789 971 1848 sint,
1006 1789 1056 1837 &
1081 1790 1183 1838 loco
1206 1805 1366 1838 eorum
1392 1789 1709 1854 implantandas
1729 1803 1831 1836 vera
1851 1789 1900 1836 &
1925 1789 2064 1846 bona,
2102 1807 2210 1855 quae
2246 1792 2368 1841 simi*-

371 1860 477 1908 liter
492 1857 767 1906 continuum
791 1872 962 1904 nexum
986 1857 1101 1905 inter
1123 1855 1166 1903 se
1199 1855 1478 1913 formabunt,
1514 1871 1563 1903 ac
1587 1856 1633 1903 in
1671 1854 1799 1904 series
1823 1855 2120 1918 disponentur
2141 1879 2154 1912 ;
2191 1857 2276 1906 hoc
2301 1862 2369 1908 in-

374 1924 601 1988 telligitur
623 1940 704 1989 per
727 1924 1028 1972 inversionem
1053 1923 1165 1971 vitae
1188 1923 1393 1979 totalem,
1428 1939 1536 1987 quae
1559 1939 1650 1970 non
1673 1922 1753 1971 nisi
1776 1938 1918 1989 quam
1943 1938 2024 1986 per
2043 1923 2192 1988 plures
2220 1942 2364 1976 annos

372 1991 472 2041 'dari
492 1991 673 2056 potest;
709 2006 847 2056 quare
871 1989 951 2055 qui
975 1991 1118 2038 credit
1148 1990 1275 2055 quod
1301 1991 1444 2039 homo
1481 2002 1726 2038 momento
1750 1989 1846 2037 sieri
1871 1991 2007 2053 possit
2029 2006 2193 2048 novus,
2231 1993 2365 2042 valde

373 2059 559 2109 fallitur.
631 2060 698 2106 At
720 2058 802 2123 qui
829 2054 871 2104 se
896 2072 987 2105 non
1005 2056 1389 2106 confirmaverunt
1410 2070 1567 2104 contra
1590 2056 1707 2105 bona
1730 2056 1780 2104 δε
1798 2072 1905 2103 vera
1923 2056 2050 2113 fidei,
2077 2057 2187 2106 sicut
2202 2058 2261 2106 illi
2282 2063 2365 2125 qui
2434 2117 2437 2122 ,

375 2139 504 2175 extra
530 2124 777 2174 Ecclesiam
802 2125 920 2182 sunt,
957 2125 1007 2172 ὅτ,
1028 2137 1178 2171 tamen
1205 2124 1249 2171 in
1275 2124 1471 2189 quadam
1498 2123 1641 2187 specie
1664 2122 1773 2171 fidei
1797 2125 1846 2171 &
1869 2122 2093 2172 charitatis
2119 2123 2362 2176 secundum

376 2195 510 2243 suum
535 2190 801 2254 religiosum
828 2191 1061 2249 vixerunt,
1097 2191 1163 2237 illi
1200 2206 1292 2238 non
1312 2203 1554 2254 potuerunt
1579 2207 1657 2254 per
1681 2190 1891 2252 negativa
1912 2190 2010 2238 veri
2032 2206 2082 2239 ac
2107 2206 2186 2255 per
2202 2196 2369 2242 confir-

372 2259 549 2309 mativa
570 2257 666 2306 falsi
679 2270 833 2305 contra
859 2273 1020 2305 verum
1049 2256 1154 2304 fidei
1179 2272 1236 2304 ex
1248 2257 1402 2306 Verbo
1422 2256 1546 2322 apud
1567 2256 1607 2305 se
1627 2257 1860 2306 Internum
1880 2257 2115 2308 hominem
2136 2258 2363 2318 claudere,

373 2337 654 2393 quapropter
674 2324 829 2382 etiam,
865 2324 898 2373 si
923 2339 1014 2371 non
1035 2323 1077 2371 in
1095 2324 1287 2382 mundo,
1327 2323 1467 2388 usque
1487 2323 1533 2372 in
1557 2323 1694 2372 altera
1712 2323 1805 2372 vita
1829 2324 2023 2388 aperitur
2045 2340 2204 2373 eorum
2230 2329 2366 2376 inter·

375 2410 492 2442 nuni
527 2391 671 2456 supra,
707 2391 833 2456 quod
858 2390 922 2439 est
945 2390 991 2438 in
1015 2391 1190 2439 coelum
1214 2392 1264 2438 δε
1287 2391 1341 2438 ad
1365 2390 1652 2448 Dominum,
1688 2391 1739 2438 ὅτ
1762 2404 1867 2440 tunc
1890 2390 2026 2438 simul
2049 2393 2205 2453 omnia
2229 2407 2363 2442 terre-

372 2458 812 2516 stria&mundana‚
848 2474 953 2524 quae
973 2457 1123 2510 secum
1163 2473 1187 2504 a
1226 2457 1319 2505 vita
1365 2458 1409 2505 in
1445 2458 1623 2506 mundo
1657 2469 1903 2513 traxerunt,
1941 2457 2193 2517 elevantur,
2233 2474 2281 2508 ut
2307 2462 2361 2510 si·

370 2527 468 2576 mul
492 2526 695 2590 spectent
713 2524 886 2573 sursum
907 2545 924 2580 3
962 2540 1040 2588 per
1063 2540 1171 2589 quae
1189 2524 1233 2572 in
1260 2525 1374 2572 statu
1398 2524 1499 2572 sunt
1525 2527 1717 2588 recipere
1740 2540 1845 2573 vera
1870 2523 1977 2572 fidei
1998 2526 2047 2573 ὅτ.
2067 2526 2184 2573 bona
2209 2527 2357 2586 chari-

373 2595 476 2642 tatis
498 2609 523 2641 a
542 2594 770 2649 Domino,
805 2607 856 2640 ac
874 2591 1021 2639 imbui
1047 2591 1348 2655 intelligentia
1372 2591 1422 2637 δε
1448 2591 1681 2655 sapientia,
1713 2591 1761 2639 δε
1788 2591 1844 2639 sic
1879 2590 2040 2641 donari
2065 2592 2274 2642 felicitate
2299 2611 2360 2644 ae-

372 2673 534 2714 terna·‚
571 2660 668 2708 talis
692 2661 779 2707 sors
802 2658 866 2706 est
888 2658 1121 2715 omnium,
1157 2659 1236 2721 qui
1262 2657 1510 2707 secundum
1537 2655 1798 2720 religiosum
1837 2657 1967 2706 suum
1994 2659 2039 2706 in
2074 2660 2199 2708 borio
2222 2661 2351 2720 vixe-

371 2738 510 2774 runt:
545 2738 821 2791 quapropter
839 2725 1034 2774 Ecclesia
1057 2725 1252 2773 Domini
1276 2725 1340 2774 est
1364 2741 1445 2790 per
1468 2725 1726 2773 universum
1751 2726 1910 2773 orbem
1939 2724 2081 2789 sparsa
2102 2742 2114 2774 ε
2163 2726 2238 2775 sed
2261 2728 2356 2791 ipsa

371 2792 572 2849 Ecclesia
592 2794 785 2841 Domini
827 2793 871 2840 in
897 2792 1024 2840 terris
1059 2791 1099 2839 se
1124 2791 1258 2839 habet
1282 2792 1388 2839 sicut
1424 2792 1660 2839 Maximus
1684 2790 1851 2840 Homo
1886 2790 1931 2838 in
1955 2792 2103 2851 coelis,
2139 2793 2262 2856 cujus
2280 2810 2359 2843 cor

373 2862 423 2908 &
450 2852 612 2924 pulmo
635 2859 698 2907 est
721 2860 801 2908 ubi
824 2859 1049 2915 Verbum,
1084 2874 1134 2906 ac
1157 2858 1328 2923 reliqua
1348 2860 1554 2906 membra
1572 2860 1622 2906 ὅτ
1639 2858 1819 2916 viscera,
1845 2873 1951 2923 quae
1973 2876 1998 2906 a
2020 2859 2156 2907 corde
2180 2861 2229 2908 ὅτ
2251 2860 2362 2909 Pul-

373 2941 512 2976 mone
536 2924 718 2983 vivuut,
755 2928 853 2973 sunt
876 2927 952 2974 ubi
988 2941 1079 2974 non
1096 2926 1321 2974 Verbum.
1392 2924 1468 2973 Ex
1504 2926 1573 2973 his
1606 2940 1794 2989 quoque
1817 2923 2013 2973 constare
2034 2925 2195 2990 potest,
2237 2928 2359 2975 unde

306 3048 309 3051 Γ
370 2993 450 3052 est,
488 3007 565 3040 cur
589 2992 733 3042 Nova
756 2991 951 3040 Ecclesia
975 2992 1148 3057 semper
1178 2993 1300 3058 apud
1322 2992 1510 3049 Gentes,
1562 3008 1668 3057 quae
1699 3007 1823 3040 extra
1850 2991 2096 3040 Ecclesiam
2136 2992 2255 3051 furit,
2293 2995 2361 3043 in-

371 3060 609 3116 stauretur,
635 3075 703 3121 n:
731 3059 875 3122 2986.
900 3074 1049 3122 4747,
1085 3060 1213 3124 quod
1238 3061 1291 3108 fit
1309 3060 1495 3124 quando
1514 3074 1640 3106 vetus
1658 3058 1852 3107 Ecclesia
1877 3059 2030 3106 clausit
2056 3058 2136 3107 sibi
2159 3062 2351 3121 coelum,

375 3138 424 3175 ut
443 3124 571 3191 supra
590 3125 770 3174 dictum
789 3125 848 3174 est
870 3147 883 3181 3
920 3127 1024 3174 inde
1048 3126 1127 3182 est,
1164 3126 1288 3191 quod
1310 3126 1506 3173 Ecclesia
1529 3142 1555 3172 a
1575 3126 1751 3188 populo
1776 3125 1968 3189 Judaico
1993 3127 2194 3174 transsata
2221 3128 2275 3175 sit
2300 3130 2356 3177 ad

367 3194 538 3244 Gentes
558 3214 587 3249 ;‚
611 3193 661 3240 &
686 3208 869 3258 quoque
903 3192 1028 3256 quod
1056 3192 1272 3240 hodierna
1298 3192 1496 3240 Ecclesia
1519 3193 1655 3240 etiam
1691 3193 1747 3239 ad
1785 3192 1956 3238 Gentes
1983 3209 2099 3241 nunc
2124 3196 2358 3246 transfera-

365 3273 455 3309 tur.
527 3259 681 3323 Quod
715 3259 915 3314 Ecclesia
951 3260 1010 3310 ad
1045 3259 1235 3318 Gentes,
1291 3275 1399 3324 quae
1437 3257 1688 3324 agnoscunt
1725 3259 2002 3320 Dominum,
2054 3261 2362 3324 transferatur,

2120 3372 2121 3375 ,
2177 3330 2356 3384 constat
