2644 3796
344 310 424 352 12
676 328 679 332 J
894 268 1754 353 EXODUs.

336 411 439 460 Olta
475 413 522 459 in
545 409 828 474 Hierofhlyma
862 409 918 460 &
940 411 1162 475 Jehudah,
1198 409 1400 459 sanctitas
1422 409 1613 471 Jehovae
1638 408 1860 469 zebaoth,
1897 411 1947 459 &
1969 411 2150 461 venient
2172 428 2334 464 omnes

336 477 643 535 sacrificanteS,
678 478 729 526 &
752 477 928 526 sument
952 479 1003 526 de
1024 478 1126 536 illis,
1163 480 1210 526 &
1243 487 1412 542 coquent
1447 480 1494 524 in
1529 476 1663 533 illis‚”
1701 491 1819 524 xw:
1850 494 1924 528 20.
1954 495 2010 527 21
2038 501 2051 534 ς
2087 481 2236 544 agitur
2258 479 2337 532 hic

338 546 394 594 de
418 545 656 593 salvatione
679 544 902 602 fidelium,
940 544 1092 592 fideles
1113 544 1215 592 sunt
1237 545 1359 601 ollae,
1395 544 1457 590 ita
1477 543 1586 590 dicti
1609 558 1634 589 a
1655 544 1906 607 receptione
1930 544 2040 594 boni
2059 562 2085 593 a
2106 548 2333 605 Domino,

338 612 443 659 inde
481 624 670 659 vocatur
714 611 802 658 olla
840 610 1040 658 sanctitas
1077 611 1303 672 Jehovae3
1353 608 1653 658 tintinnabula
1697 625 1939 674 equorum,
1994 611 2124 676 super
2166 614 2338 676 quibus

338 678 555 734 sanctitas,
592 677 693 725 sunt
715 693 819 724 vera
840 674 1229 741 eorrespondentia
1250 676 1388 724 bono.
1458 675 1582 739 Qia
1613 675 1719 722 011ae
1747 675 1847 723 sunt
1871 678 2126 746 recipientia
2148 680 2198 727 &
2222 695 2330 727 con-

339 748 524 792 tinentia
548 744 674 800 boni,
711 743 814 792 ideo
836 745 969 791 etiam
1003 744 1088 791 illae
1115 759 1225 792 cum
1261 743 1442 807 reliquis
1466 742 1578 789 vasis
1599 741 1744 789 altaris
1767 743 1961 805 confeHae
1982 755 2107 792 erant
2129 762 2178 794 ex
2200 748 2333 804 aere‚”

339 812 507 860 Exod:
535 825 768 858 xxxviii:
798 827 843 874 3,
881 825 987 857 nam
1024 826 1086 858 aes
1122 809 1339 873 significat
1371 809 1546 857 bonum
1568 808 1791 865 naturalis,
1827 826 1887 857 n:
1912 827 2026 873 425.
2058 829 2196 874 1551.
2266 814 2333 862 E-

339 881 449 925 tiam
473 892 553 941 per
575 876 731 923 Ollam
767 875 1046 939 significatur
1080 876 1299 932 doctrina,
1334 891 1391 923 ex
1413 890 1466 924 eo
1489 876 1614 938 quod
1646 876 1868 923 contineat
1899 875 2072 924 bonum
2097 879 2145 926 &
2170 894 2332 928 verum

339 944 586 999 Ecclefiae;
623 943 826 990 doctrina
849 943 1124 1006 significatur
1146 959 1225 1006 per
1248 942 1426 998 Ollam,
1463 943 1508 988 in
1531 957 1621 1004 qua
1643 957 1698 987 ex
1717 939 1836 1006 juffu
1859 942 2012 990 Elisaei
2039 944 2330 1007 pulmentum

338 1011 615 1074 coquebatur
650 1009 753 1056 filiis
787 1010 1128 1074 prophetarum,
1164 1009 1222 1056 de
1251 1025 1341 1072 qua
1372 1009 1431 1055 ita
1461 1009 1507 1055 in
1530 1007 1676 1058 Libro
1701 1025 1726 1056 2
1755 1009 1960 1072 Regum,
1998 1015 2031 1037 “
2056 1011 2240 1060 Elilhah
2263 1029 2332 1061 re·
2368 1056 2373 1065 ,

338 1079 422 1125 diit
445 1078 500 1124 ad
523 1075 772 1139 Gilgalem,
809 1092 919 1123 cum
940 1074 1081 1123 fames
1115 1077 1161 1122 in
1196 1086 1326 1132 terra,
1361 1090 1474 1121 cum
1493 1074 1574 1122 filii
1607 1074 1930 1138 prophetarum
1955 1074 2154 1125 sederent
2176 1094 2333 1127 coram

340 1145 451 1200 illo;
489 1143 605 1190 dixit
628 1157 772 1206 puero
793 1140 888 1199 suo,
923 1138 1231 1204 appone‘ollam
1253 1140 1471 1204 magnam,
1503 1141 1552 1188 &
1576 1156 1723 1204 coque
1754 1141 2046 1204 pulmentum
2085 1143 2188 1192 filiis
2226 1138 2334 1210 pro-

338 1211 602 1275 phetarum:
641 1209 783 1256 exivit
817 1224 934 1256 unus
973 1211 1020 1256 in
1053 1223 1216 1272 agrum
1253 1207 1312 1255 ad
1349 1207 1662 1271 colligendum
1703 1208 1842 1265 olera,
1889 1209 1938 1267 δε
1977 1210 2148 1258 invenit
2187 1213 2334 1260 vitem

338 1280 454 1342 agri,
497 1277 546 1324 ὅτ
583 1274 768 1337 collegit
802 1275 860 1323 de
900 1275 973 1322 illa
1005 1274 1346 1338 colochyntidas
1383 1275 1497 1337 agri,
1546 1274 1595 1320 &
1633 1272 1830 1321 concidit'
1850 1276 1896 1322 in
1933 1274 2058 1324 ollam
2090 1276 2298 1340 pulmenti
2314 1299 2330 1328 .·
2404 1296 2412 1305 ·

339 1360 446 1392 curn
485 1341 775 1390 comederent
813 1342 871 1389 de
905 1342 1159 1406 pulmento,
1195 1341 1460 1396 clamarunt,
1495 1355 1606 1387 mors
1638 1341 1686 1386 in
1717 1340 1820 1398 olla,
1853 1342 1925 1388 vir
1947 1341 2066 1390 Dei:
2101 1342 2174 1391 sed
2197 1345 2335 1404 dixit,

340 1425 394 1459 ut
422 1412 654 1472 acciperent
677 1407 893 1469 farinam,
928 1417 1052 1473 quam
1068 1410 1181 1472 jecit
1205 1410 1252 1455 in
1281 1406 1423 1464 ollam,
1457 1406 1507 1454 &
1531 1404 1665 1463 dixit,
1699 1405 1883 1459 effunde
1907 1407 2082 1471 populo
2104 1411 2151 1457 δι
2176 1426 2334 1460 come·

340 1479 465 1534 dant,
500 1487 601 1523 tunc
632 1491 712 1522 non
734 1474 831 1536 fuit
864 1491 930 1524 res
960 1476 1075 1524 mala
1097 1477 1143 1522 in
1165 1474 1298 1532 olla‚'’
1336 1487 1422 1521 lv:
1450 1477 1508 1537 38
1535 1472 1590 1520 ad
1614 1489 1714 1535 423
1750 1472 2000 1530 sciendum,
2036 1476 2164 1539 quod
2188 1478 2334 1526 Mira·

340 1545 440 1593 cula
474 1543 643 1591 Divina
681 1540 838 1590 omnia
875 1541 1111 1590 involvant
1149 1541 1267 1598 talia,
1314 1554 1423 1604 quae
1459 1538 1562 1587 sunt
1594 1539 1749 1603 Regni
1786 1540 1979 1588 Domini
2018 1542 2067 1590 δι
2099 1542 2334 1603 Ecclefiae,

340 1629 399 1659 n:
430 1624 571 1674 7337.
599 1608 743 1671 8364,
779 1609 828 1656 &
854 1608 980 1672 quod
1004 1606 1193 1656 Elisaeus
1233 1605 1517 1671 repraesentet
1538 1606 1744 1654 Verbum
1768 1607 1978 1665 Domini,
2012 1623 2074 1657 n:
2102 1611 2247 1675 2762,
2281 1613 2334 1660 ὅτ

337 1679 572 1742 prophetae
605 1675 831 1722 doctrinas
864 1675 984 1732 inde,
1023 1691 1052 1722 n
1072 1694 1082 1723 t
1106 1691 1131 1723 2
1140 1690 1250 1739 534.
1279 1674 1443 1740 7269;
1478 1672 1585 1720 inde
1606 1685 1749 1736 patet,
1779 1673 1892 1736 quid
1917 1673 2133 1722 Ecclesiae
2166 1693 2337 1742 reprae-

338 1737 558 1792 sentatum
581 1741 644 1789 est
676 1757 756 1805 per
787 1741 875 1790 hoc
905 1740 1194 1798 miraculum,
1230 1755 1395 1804 nempe
1429 1739 1557 1804 quod
1596 1739 1775 1787 bonum
1795 1739 2011 1788 Ecclefiae
2047 1739 2335 1792 falsificatum

337 1813 416 1858 fiat
458 1809 629 1857 bonum
665 1824 746 1871 per
772 1809 950 1856 Verum
985 1825 1009 1856 e
1029 1808 1216 1863 Verb03
1263 1806 1406 1855 fames
1443 1805 1508 1854 est
1546 1805 1745 1855 defectus
1788 1808 2108 1870 cognitionum
2145 1813 2241 1859 veri
2279 1812 2331 1860 &

337 1877 462 1933 boni,
496 1876 586 1924 olla
621 1874 685 1922 est
722 1875 940 1932 doctrina,
977 1875 1270 1939 pulmentum
1309 1873 1483 1921 bonum
1523 1872 1756 1921 ritualium
1793 1887 2084 1922 externorum
2115 1876 2331 1926 Ecclefiae

337 1944 559 2008 Judaicae,
595 1941 933 2006 colochyntides
957 1957 1014 1989 ex
1034 1943 1126 1989 vite
1147 1942 1245 2005 agri
1267 1939 1328 1988 est
1351 1940 1619 1997 falsificatio,
1649 1937 1789 1987 farina
1816 1939 1881 1987 est
1902 1940 2077 1989 Verum
2110 1959 2135 1990 e
2156 1943 2336 2003 Verbo,

338 2025 394 2059 ηε
424 2025 569 2074 2177,
604 2024 660 2055 ex
683 2024 777 2072 quo
800 2008 914 2055 illud
931 2006 1232 2064 falsificatum,
1268 2006 1395 2071 quod
1417 2006 1480 2053 est
1503 2022 1625 2054 mors
1649 2006 1696 2053 in
1719 2005 1824 2063 olla,
1859 2007 1914 2054 fit
1935 2007 2125 2057 bonurn.
2182 2011 2333 2075 .Qiod

336 2077 458 2124 Ollae
488 2075 739 2137 fignificent
771 2076 1043 2122 continentia
1068 2075 1195 2131 boni,
1227 2073 1291 2121 est
1312 2073 1418 2137 quia
1439 2074 1552 2121 inter
1573 2071 1674 2120 vasa
1695 2072 1899 2121 utensilia
1919 2087 2065 2132 erant,
2098 2076 2149 2123 in.
2166 2078 2332 2141 quibus

339 2144 672 2208 praeparabatur
707 2141 852 2198 cibus,
888 2142 937 2190 ὅτ
966 2157 1047 2205 per
1081 2142 1237 2188 cibum
1278 2156 1329 2187 ac
1359 2141 1516 2187 omnia
1549 2137 1642 2203 ejus
1685 2155 1846 2203 genera
1883 2139 2190 2204 fignificantur
2229 2144 2333 2192 talia

333 2210 441 2274 'quae
463 2210 664 2256 nutriunt
682 2209 897 2264 animam,
934 2210 992 2255 ita
1007 2207 1261 2255 affectiones
1285 2207 1391 2255 boni
1416 2208 1463 2254 δε
1488 2208 1600 2263 veri,
1638 2207 1691 2254 n:
1718 2207 1827 2256 681.
1860 2217 1999 2267 1480.
2022 2226 2075 2272 31
2092 2226 2327 2276 ¹4·⁴4792·

339 2292 480 2340 5147·
504 2292 644 2339 5293·
668 2292 811 2338 5340-
834 2291 976 2338 5342·
1000 2275 1142 2350 5576·
1164 2289 1477 2350 541025915·
1903 2341 1913 2350 ‚
2089 2300 2096 2307 ·
2214 2342 2216 2344 ,

409 2348 548 2407 8409.
587 2342 732 2400 Quod
758 2342 876 2388 Caro
908 2341 1130 2405 significet
1166 2356 1404 2403 propnum
1438 2356 1487 2387 m
1509 2352 1703 2402 utroque
1726 2338 1866 2397 sensu,
1902 2357 1948 2388 in
1972 2340 2182 2407 supremo
2205 2342 2332 2390 sensu

338 2411 582 2472 Proprium
607 2407 833 2455 Divinum
857 2409 1064 2464 Domini,
1089 2406 1216 2470 quod
1239 2405 1301 2453 est
1324 2407 1550 2454 Divinum
1576 2407 1851 2454 Humanum
1874 2407 2034 2470 Ipsius,
2071 2410 2134 2455 ita
2148 2411 2332 2458 Bonum

339 2476 527 2523 Amoris
561 2474 699 2537 Ipsius
737 2490 843 2537 erga
878 2473 1137 2521 universum
1161 2465 1319 2521 Genus
1344 2473 1639 2529 Humanum,
1675 2472 1778 2519 inde
1801 2474 1920 2522 Caro
1944 2476 1991 2521 in
2014 2474 2136 2523 sensu
2160 2475 2331 2540 respec—

337 2542 436 2589 tivo
470 2541 527 2589 ad
565 2542 816 2597 hominem,
867 2540 931 2587 est
971 2542 1209 2604 proprium
1249 2539 1533 2586 vivificatum
1574 2555 1599 2585 a
1634 2538 1827 2602 Proprio
1859 2541 2070 2598 Domini,
2121 2542 2209 2590 hoc
2248 2543 2332 2599 est,

338 2611 583 2672 Proprium
608 2609 799 2654 Domini
839 2607 960 2670 apud
997 2608 1253 2663 hominem,
1290 2609 1350 2653 ita
1383 2606 1555 2654 bonum
1591 2606 1755 2652 amoris
1779 2607 1824 2653 in
1849 2606 2040 2668 Ipsum;
2076 2608 2134 2655 de
2158 2608 2329 2673 fignifi—

338 2677 513 2723 catione
539 2675 693 2720 Carnis
729 2675 773 2720 in
812 2674 897 2720 hoc
929 2672 1068 2730 sensu,
1103 2673 1312 2719 videatur
1331 2680 1394 2733 ἠις
1424 2677 1564 2736 3813.
1594 2676 1757 2736 7850·,
1792 2676 1837 2719 in
1861 2672 1983 2720 sensu
2007 2686 2157 2722 autern
2183 2692 2330 2740 oppo-

341 2743 422 2789 sito
443 2741 504 2787 est
529 2741 646 2786 Caro
679 2742 913 2802 proprium
949 2741 1162 2796 hominis,
1199 2740 1261 2785 ita
1297 2728 1467 2785 mafum
1507 2740 1670 2785 amoris
1707 2738 1788 2795 sui,
1823 2739 2002 2787 &inde
2026 2741 2143 2788 illius
2167 2745 2337 2791 amoris

339 2809 624 2872 cupiditates,
661 2806 730 2852 seu
756 2805 1147 2869 concupiscentiae‚
1182 2822 1241 2853 n:
1270 2823 1380 2869 999.
1404 2810 1528 2868 3813
1551 2827 1564 2860 ·‚
1600 2804 1727 2868 quod
1752 2806 1992 2868 Proprium
2016 2807 2213 2855 hominis
2237 2811 2329 2857 non

341 2876 394 2922 fit
418 2874 495 2920 nisi
519 2889 655 2937 quam
684 2872 871 2928 malum,
908 2874 1113 2920 videatur
1138 2889 1197 2919 n:
1226 2889 1332 2920 210.
1362 2889 1470 2933 215.
1500 2873 1610 2937 694.
1641 2876 1747 2935 874.
1778 2876 1887 2935 875.
1915 2875 2022 2938 876.
2049 2879 2160 2937 987.
2186 2890 2331 2939 1023,

348 2954 487 3000 1044.
524 2955 659 3004 ¹047·
690 2946 812 3002 3812
839 2939 932 2986 fin:
963 2941 1104 3002 5660.
1134 2941 1276 3001 5786.
1347 2939 1491 2995 Quod
1505 2941 1635 2999 ,Caro
1672 2938 1723 2984 s1t
1757 2940 1994 3002 proprium
2021 2940 2231 2997 hominis,
2268 2944 2328 2990 ita

343 3010 515 3054 malum
554 3009 703 3052 omnis
737 3007 927 3068 generiS,
963 3006 1133 3052 constat
1167 3006 1314 3053 adhuc
1353 3021 1410 3052 ex
1448 3005 1514 3051 his
1550 3006 1675 3060 lociS,
1722 3006 1844 3068 apud
1882 3004 2075 3062 Esaiam,
2113 3011 2146 3033 “
2170 3008 2327 3055 cibabo

341 3073 584 3136 oppreffores
607 3083 698 3118 tuos
723 3073 858 3118 Carne
889 3073 1073 3129 illorum,
1109 3074 1158 3119 δε
1181 3071 1293 3118 ficut
1327 3071 1476 3119 musto
1510 3071 1719 3134 sanguine
1747 3087 1904 3118 eorum
1940 3071 2328 3130 inebriabuntur,'’

341 3156 492 3186 xmx:
530 3141 606 3194 26,
644 3139 787 3184 cibare
825 3155 954 3185 carne
991 3155 1076 3201 pro
1113 3139 1296 3201 opplere
1336 3141 1455 3185 malo
1490 3138 1581 3185 suo.
1652 3137 1796 3199 Apud
1821 3139 2083 3195 Jeremiam,
2121 3145 2155 3166 “
2181 3141 2328 3187 Male-

343 3205 489 3252 difflus
521 3206 593 3250 vir
625 3205 703 3267 qui
731 3205 920 3251 confidit
945 3206 989 3251 in
1015 3206 1213 3261 homine,
1250 3206 1298 3252 &
1317 3208 1441 3266 ponit
1465 3206 1639 3251 Carnem
1662 3204 1880 3264 brachium
1893 3206 2035 3267 suum,
2072 3222 2096 3252 a
2121 3206 2330 3267 Jehovah

339 3284 490 3319 autem
517 3271 680 3321 recedit
706 3287 782 3318 cor
805 3269 950 3335 ejus,''
986 3287 1126 3320 xvu:
1155 3290 1206 3334 5,
1238 3270 1403 3335 ponere
1427 3271 1624 3320 Carnem
1657 3271 1891 3320 brachium
1921 3271 2050 3321 suum
2076 3288 2161 3336 pro
2184 3274 2351 3327 confi-A

2228 3341 2337 3410 dere-
