<?xml version="1.0" encoding="UTF-8"?>
<!DOCTYPE html PUBLIC "-//W3C//DTD XHTML 1.0 Transitional//EN"
    "http://www.w3.org/TR/xhtml1/DTD/xhtml1-transitional.dtd">
<html xmlns="http://www.w3.org/1999/xhtml" xml:lang="en" lang="en">
 <head>
  <title>
</title>
<meta http-equiv="Content-Type" content="text/html;charset=utf-8" />
  <meta name='ocr-system' content='tesseract 3.04.00' />
  <meta name='ocr-capabilities' content='ocr_page ocr_carea ocr_par ocr_line ocrx_word'/>
</head>
<body>
  <div class='ocr_page' id='page_1' title='image "arcanacaelestiaq07sweduoft_0121.png"; bbox 0 0 2722 3684; ppageno 0'>
   <div class='ocr_carea' id='block_1_1' title="bbox 450 131 2372 278">
    <p class='ocr_par' dir='ltr' id='par_1_1' title="bbox 450 131 2372 278">
     <span class='ocr_line' id='line_1_1' title="bbox 450 131 2372 278; baseline -0.001 -15"><span class='ocrx_word' id='word_1_1' title='bbox 450 185 878 267; x_wconf 79' lang='lat' dir='ltr'><strong>CAPUT.</strong></span> <span class='ocrx_word' id='word_1_2' title='bbox 910 180 1494 257; x_wconf 57' lang='lat' dir='ltr'>DE‘chuM</span> <span class='ocrx_word' id='word_1_3' title='bbox 1557 131 2188 260; x_wconf 36' lang='lat' dir='ltr'>oeTA‘VUM.</span> <span class='ocrx_word' id='word_1_4' title='bbox 2240 209 2372 278; x_wconf 88' lang='lat'>117</span> 
     </span>
    </p>
   </div>
   <div class='ocr_carea' id='block_1_2' title="bbox 368 310 2372 713">
    <p class='ocr_par' dir='ltr' id='par_1_2' title="bbox 382 310 2372 579">
     <span class='ocr_line' id='line_1_2' title="bbox 458 310 2372 384; baseline 0 -17"><span class='ocrx_word' id='word_1_5' title='bbox 458 323 602 384; x_wconf 88' lang='lat'><em>8729.</em></span> <span class='ocrx_word' id='word_1_6' title='bbox 639 316 848 366; x_wconf 87' lang='lat' dir='ltr'>Verbum</span> <span class='ocrx_word' id='word_1_7' title='bbox 887 310 1075 365; x_wconf 88' lang='lat' dir='ltr'>difficile</span> <span class='ocrx_word' id='word_1_8' title='bbox 1113 314 1338 363; x_wconf 87' lang='lat' dir='ltr'>adducent</span> <span class='ocrx_word' id='word_1_9' title='bbox 1375 313 1433 361; x_wconf 91' lang='lat' dir='ltr'>ad</span> <span class='ocrx_word' id='word_1_10' title='bbox 1459 312 1705 370; x_wconf 90' lang='lat' dir='ltr'>Moschen,</span> <span class='ocrx_word' id='word_1_11' title='bbox 1740 313 1868 377; x_wconf 90' lang='lat' dir='ltr'>quod</span> <span class='ocrx_word' id='word_1_12' title='bbox 1892 315 2111 376; x_wconf 87' lang='lat' dir='ltr'>significet</span> <span class='ocrx_word' id='word_1_13' title='bbox 2135 319 2372 374; x_wconf 88' lang='lat' dir='ltr'>mediatio-</span> 
     </span>
     <span class='ocr_line' id='line_1_3' title="bbox 393 379 2366 444; baseline 0.001 -11"><span class='ocrx_word' id='word_1_14' title='bbox 393 401 500 434; x_wconf 88' lang='lat' dir='ltr'>nem</span> <span class='ocrx_word' id='word_1_15' title='bbox 523 386 574 432; x_wconf 84' lang='lat'>&amp;</span> <span class='ocrx_word' id='word_1_16' title='bbox 596 383 962 439; x_wconf 77' lang='lat' dir='ltr'>intercessionem,</span> <span class='ocrx_word' id='word_1_17' title='bbox 997 382 1168 430; x_wconf 87' lang='lat' dir='ltr'>constat</span> <span class='ocrx_word' id='word_1_18' title='bbox 1189 397 1247 429; x_wconf 86' lang='lat' dir='ltr'>ex</span> <span class='ocrx_word' id='word_1_19' title='bbox 1269 381 1357 429; x_wconf 91' lang='lat' dir='ltr'>illis</span> <span class='ocrx_word' id='word_1_20' title='bbox 1390 396 1496 444; x_wconf 86' lang='lat' dir='ltr'>quae</span> <span class='ocrx_word' id='word_1_21' title='bbox 1530 379 1661 444; x_wconf 89' lang='lat' dir='ltr'>supra</span> <span class='ocrx_word' id='word_1_22' title='bbox 1696 394 1758 426; x_wconf 90' lang='lat' dir='ltr'>n:</span> <span class='ocrx_word' id='word_1_23' title='bbox 1797 382 1944 442; x_wconf 88' lang='lat'><strong>8705,</strong></span> <span class='ocrx_word' id='word_1_24' title='bbox 1980 382 2196 444; x_wconf 82' lang='lat' dir='ltr'>explicata</span> <span class='ocrx_word' id='word_1_25' title='bbox 2230 386 2366 434; x_wconf 91' lang='lat' dir='ltr'>sunt:</span> 
     </span>
     <span class='ocr_line' id='line_1_4' title="bbox 385 445 2370 514; baseline 0.001 -16"><span class='ocrx_word' id='word_1_26' title='bbox 385 451 464 498; x_wconf 89' lang='lat' dir='ltr'>hic</span> <span class='ocrx_word' id='word_1_27' title='bbox 493 448 659 497; x_wconf 89' lang='lat' dir='ltr'>dicitur</span> <span class='ocrx_word' id='word_1_28' title='bbox 690 448 819 514; x_wconf 90' lang='lat' dir='ltr'>quod</span> <span class='ocrx_word' id='word_1_29' title='bbox 841 449 1071 497; x_wconf 86' lang='lat' dir='ltr'>adducent</span> <span class='ocrx_word' id='word_1_30' title='bbox 1095 448 1285 496; x_wconf 87' lang='lat' dir='ltr'>verbum</span> <span class='ocrx_word' id='word_1_31' title='bbox 1309 447 1367 494; x_wconf 92' lang='lat' dir='ltr'>ad</span> <span class='ocrx_word' id='word_1_32' title='bbox 1394 445 1637 503; x_wconf 90' lang='lat' dir='ltr'>Moschen,</span> <span class='ocrx_word' id='word_1_33' title='bbox 1671 445 1736 493; x_wconf 92' lang='lat' dir='ltr'>ibi</span> <span class='ocrx_word' id='word_1_34' title='bbox 1768 458 1920 493; x_wconf 87' lang='lat' dir='ltr'>autem</span> <span class='ocrx_word' id='word_1_35' title='bbox 1961 447 2090 511; x_wconf 89' lang='lat' dir='ltr'>quod</span> <span class='ocrx_word' id='word_1_36' title='bbox 2124 448 2370 510; x_wconf 87' lang='lat' dir='ltr'>Moscheh,</span> 
     </span>
     <span class='ocr_line' id='line_1_5' title="bbox 382 512 1631 579; baseline -0.002 -17"><span class='ocrx_word' id='word_1_37' title='bbox 382 515 572 564; x_wconf 81' lang='lat' dir='ltr'>adducit</span> <span class='ocrx_word' id='word_1_38' title='bbox 593 514 649 562; x_wconf 90' lang='lat' dir='ltr'>ad</span> <span class='ocrx_word' id='word_1_39' title='bbox 670 515 848 572; x_wconf 88' lang='lat' dir='ltr'>Deum,</span> <span class='ocrx_word' id='word_1_40' title='bbox 885 515 958 563; x_wconf 89' lang='lat' dir='ltr'>sed</span> <span class='ocrx_word' id='word_1_41' title='bbox 982 527 1228 579; x_wconf 89' lang='lat' dir='ltr'>utrumque</span> <span class='ocrx_word' id='word_1_42' title='bbox 1251 513 1395 561; x_wconf 86' lang='lat' dir='ltr'>simile</span> <span class='ocrx_word' id='word_1_43' title='bbox 1419 512 1631 560; x_wconf 87' lang='lat' dir='ltr'>involvit.</span> 
     </span>
    </p>

    <p class='ocr_par' dir='ltr' id='par_1_3' title="bbox 368 576 2369 713">
     <span class='ocr_line' id='line_1_6' title="bbox 448 576 2368 644; baseline 0.002 -16"><span class='ocrx_word' id='word_1_44' title='bbox 448 584 595 644; x_wconf 85' lang='lat'>8730.</span> <span class='ocrx_word' id='word_1_45' title='bbox 633 581 696 629; x_wconf 92' lang='lat' dir='ltr'>Et</span> <span class='ocrx_word' id='word_1_46' title='bbox 726 597 866 629; x_wconf 88' lang='lat' dir='ltr'>omne</span> <span class='ocrx_word' id='word_1_47' title='bbox 906 581 1102 629; x_wconf 88' lang='lat' dir='ltr'>verbum</span> <span class='ocrx_word' id='word_1_48' title='bbox 1140 590 1336 644; x_wconf 81' lang='lat' dir='ltr'>parvum</span> <span class='ocrx_word' id='word_1_49' title='bbox 1367 578 1643 640; x_wconf 90' lang='lat' dir='ltr'>judicabunt</span> <span class='ocrx_word' id='word_1_50' title='bbox 1680 577 1764 636; x_wconf 89' lang='lat' dir='ltr'>illi,</span> <span class='ocrx_word' id='word_1_51' title='bbox 1800 576 2023 640; x_wconf 84' lang='lat' dir='ltr'>fignificat</span> <span class='ocrx_word' id='word_1_52' title='bbox 2058 581 2368 644; x_wconf 74' lang='lat' dir='ltr'>apparentiam</span> 
     </span>
     <span class='ocr_line' id='line_1_7' title="bbox 368 643 2369 713; baseline 0 -18"><span class='ocrx_word' id='word_1_53' title='bbox 368 648 668 711; x_wconf 83' lang='lat' dir='ltr'>quorundam</span> <span class='ocrx_word' id='word_1_54' title='bbox 692 647 1028 713; x_wconf 85' lang='lat' dir='ltr'>particularium</span> <span class='ocrx_word' id='word_1_55' title='bbox 1052 647 1103 695; x_wconf 76' lang='grc' dir='ltr'>δε</span> <span class='ocrx_word' id='word_1_56' title='bbox 1127 646 1419 711; x_wconf 86' lang='lat' dir='ltr'>singularium</span> <span class='ocrx_word' id='word_1_57' title='bbox 1449 645 1648 702; x_wconf 87' lang='lat' dir='ltr'>aliunde,</span> <span class='ocrx_word' id='word_1_58' title='bbox 1683 656 1734 693; x_wconf 92' lang='lat' dir='ltr'>ut</span> <span class='ocrx_word' id='word_1_59' title='bbox 1757 643 1888 710; x_wconf 87' lang='lat' dir='ltr'>supra</span> <span class='ocrx_word' id='word_1_60' title='bbox 1911 662 1973 693; x_wconf 87' lang='lat' dir='ltr'>n:</span> <span class='ocrx_word' id='word_1_61' title='bbox 2010 647 2157 709; x_wconf 88' lang='lat'>8718,</span> <span class='ocrx_word' id='word_1_62' title='bbox 2192 647 2272 696; x_wconf 92' lang='lat' dir='ltr'>ubi</span> <span class='ocrx_word' id='word_1_63' title='bbox 2295 664 2369 697; x_wconf 86' lang='lat' dir='ltr'>ea-</span> 
     </span>
    </p>
   </div>
   <div class='ocr_carea' id='block_1_3' title="bbox 384 713 2371 855">
    <p class='ocr_par' dir='ltr' id='par_1_4' title="bbox 384 713 2371 855">
     <span class='ocr_line' id='line_1_8' title="bbox 384 713 2371 855; baseline 0 -27"><span class='ocrx_word' id='word_1_64' title='bbox 384 713 697 855; x_wconf 42' lang='lat' dir='ltr'>deg¹73eribiiit</span> <span class='ocrx_word' id='word_1_65' title='bbox 718 780 892 829; x_wconf 82' lang='lat' dir='ltr'>dimisit</span> <span class='ocrx_word' id='word_1_66' title='bbox 909 780 1134 828; x_wconf 89' lang='lat' dir='ltr'>Moscheh</span> <span class='ocrx_word' id='word_1_67' title='bbox 1159 780 1362 829; x_wconf 90' lang='lat' dir='ltr'>socerum</span> <span class='ocrx_word' id='word_1_68' title='bbox 1386 778 1539 836; x_wconf 91' lang='lat' dir='ltr'>suum,</span> <span class='ocrx_word' id='word_1_69' title='bbox 1575 777 1705 842; x_wconf 93' lang='lat' dir='ltr'>quod</span> <span class='ocrx_word' id='word_1_70' title='bbox 1731 777 1956 839; x_wconf 86' lang='lat' dir='ltr'>significet</span> <span class='ocrx_word' id='word_1_71' title='bbox 1979 777 2145 827; x_wconf 86' lang='lat' dir='ltr'>statum</span> <span class='ocrx_word' id='word_1_72' title='bbox 2170 779 2262 828; x_wconf 91' lang='lat' dir='ltr'>veri</span> <span class='ocrx_word' id='word_1_73' title='bbox 2287 781 2371 828; x_wconf 88' lang='lat' dir='ltr'>Di-</span> 
     </span>
    </p>
   </div>
   <div class='ocr_carea' id='block_1_4' title="bbox 368 843 2425 2104">
    <p class='ocr_par' dir='ltr' id='par_1_5' title="bbox 373 843 2371 1704">
     <span class='ocr_line' id='line_1_9' title="bbox 379 843 2371 908; baseline 0.001 -16"><span class='ocrx_word' id='word_1_74' title='bbox 379 843 482 892; x_wconf 82' lang='lat' dir='ltr'>vim</span> <span class='ocrx_word' id='word_1_75' title='bbox 510 847 934 904; x_wconf 88' lang='lat' dir='ltr'>accommodatum,</span> <span class='ocrx_word' id='word_1_76' title='bbox 984 846 1156 896; x_wconf 90' lang='lat' dir='ltr'>constat</span> <span class='ocrx_word' id='word_1_77' title='bbox 1177 862 1234 894; x_wconf 85' lang='lat' dir='ltr'>ex</span> <span class='ocrx_word' id='word_1_78' title='bbox 1257 862 1330 902; x_wconf 92' lang='lat' dir='ltr'>e0,</span> <span class='ocrx_word' id='word_1_79' title='bbox 1368 845 1508 908; x_wconf 15' lang='lat' dir='ltr'>,quod</span> <span class='ocrx_word' id='word_1_80' title='bbox 1543 844 1786 908; x_wconf 86' lang='lat' dir='ltr'>postquam</span> <span class='ocrx_word' id='word_1_81' title='bbox 1808 844 1966 891; x_wconf 86' lang='lat' dir='ltr'>omnia</span> <span class='ocrx_word' id='word_1_82' title='bbox 1989 844 2034 890; x_wconf 90' lang='lat' dir='ltr'>in</span> <span class='ocrx_word' id='word_1_83' title='bbox 2057 845 2270 895; x_wconf 87' lang='lat' dir='ltr'>ordinem</span> <span class='ocrx_word' id='word_1_84' title='bbox 2305 863 2371 894; x_wconf 87' lang='lat' dir='ltr'>re-</span> 
     </span>
     <span class='ocr_line' id='line_1_10' title="bbox 376 909 2371 973; baseline 0.001 -14"><span class='ocrx_word' id='word_1_85' title='bbox 376 910 510 960; x_wconf 69' lang='lat' dir='ltr'>daCta</span> <span class='ocrx_word' id='word_1_86' title='bbox 529 912 648 969; x_wconf 89' lang='lat' dir='ltr'>sunt,</span> <span class='ocrx_word' id='word_1_87' title='bbox 681 912 772 960; x_wconf 91' lang='lat' dir='ltr'>hoc</span> <span class='ocrx_word' id='word_1_88' title='bbox 811 913 894 969; x_wconf 92' lang='lat' dir='ltr'>est,</span> <span class='ocrx_word' id='word_1_89' title='bbox 945 912 1305 968; x_wconf 88' lang='lat' dir='ltr'>accommodata,</span> <span class='ocrx_word' id='word_1_90' title='bbox 1341 926 1509 973; x_wconf 88' lang='lat' dir='ltr'>nempe</span> <span class='ocrx_word' id='word_1_91' title='bbox 1550 926 1658 957; x_wconf 92' lang='lat' dir='ltr'>cum</span> <span class='ocrx_word' id='word_1_92' title='bbox 1698 925 1802 958; x_wconf 89' lang='lat' dir='ltr'>vera</span> <span class='ocrx_word' id='word_1_93' title='bbox 1842 909 2039 958; x_wconf 88' lang='lat' dir='ltr'>mediata</span> <span class='ocrx_word' id='word_1_94' title='bbox 2078 911 2371 960; x_wconf 83' lang='lat' dir='ltr'>subordinata</span> 
     </span>
     <span class='ocr_line' id='line_1_11' title="bbox 376 969 2370 1034; baseline 0.001 -9"><span class='ocrx_word' id='word_1_95' title='bbox 376 976 481 1027; x_wconf 87' lang='lat' dir='ltr'>sunt</span> <span class='ocrx_word' id='word_1_96' title='bbox 504 969 645 1026; x_wconf 76' lang='lat' dir='ltr'>&#39;Vero</span> <span class='ocrx_word' id='word_1_97' title='bbox 690 977 957 1026; x_wconf 86' lang='lat' dir='ltr'>immediate</span> <span class='ocrx_word' id='word_1_98' title='bbox 999 994 1026 1026; x_wconf 91' lang='lat' dir='ltr'>a</span> <span class='ocrx_word' id='word_1_99' title='bbox 1073 977 1281 1034; x_wconf 87' lang='lat' dir='ltr'>Divin0,</span> <span class='ocrx_word' id='word_1_100' title='bbox 1339 977 1395 1024; x_wconf 87' lang='lat' dir='ltr'>fit</span> <span class='ocrx_word' id='word_1_101' title='bbox 1439 976 1541 1023; x_wconf 86' lang='lat' dir='ltr'>finis</span> <span class='ocrx_word' id='word_1_102' title='bbox 1588 975 1709 1023; x_wconf 84' lang='lat' dir='ltr'>illius</span> <span class='ocrx_word' id='word_1_103' title='bbox 1755 976 1931 1031; x_wconf 85' lang='lat' dir='ltr'>status·,</span> <span class='ocrx_word' id='word_1_104' title='bbox 1981 977 2055 1024; x_wconf 92' lang='lat' dir='ltr'>hic</span> <span class='ocrx_word' id='word_1_105' title='bbox 2099 978 2370 1027; x_wconf 80' lang='lat' dir='ltr'>describitur</span> 
     </span>
     <span class='ocr_line' id='line_1_12' title="bbox 379 1041 2371 1111; baseline 0.002 -21"><span class='ocrx_word' id='word_1_106' title='bbox 379 1057 464 1108; x_wconf 90' lang='lat' dir='ltr'>per</span> <span class='ocrx_word' id='word_1_107' title='bbox 485 1043 613 1108; x_wconf 90' lang='lat' dir='ltr'>quod</span> <span class='ocrx_word' id='word_1_108' title='bbox 638 1043 863 1092; x_wconf 87' lang='lat' dir='ltr'>Moscheh</span> <span class='ocrx_word' id='word_1_109' title='bbox 885 1043 1056 1092; x_wconf 79' lang='lat' dir='ltr'>dimisit</span> <span class='ocrx_word' id='word_1_110' title='bbox 1078 1044 1280 1093; x_wconf 88' lang='lat' dir='ltr'>socerum</span> <span class='ocrx_word' id='word_1_111' title='bbox 1306 1045 1451 1100; x_wconf 91' lang='lat' dir='ltr'>luum,</span> <span class='ocrx_word' id='word_1_112' title='bbox 1486 1058 1591 1102; x_wconf 86' lang='lat' dir='ltr'>nam</span> <span class='ocrx_word' id='word_1_113' title='bbox 1630 1041 1811 1092; x_wconf 88' lang='lat' dir='ltr'>initium</span> <span class='ocrx_word' id='word_1_114' title='bbox 1848 1042 1972 1090; x_wconf 77' lang='lat' dir='ltr'>illius</span> <span class='ocrx_word' id='word_1_115' title='bbox 2006 1042 2139 1111; x_wconf 60' lang='lat' dir='ltr'>status</span> <span class='ocrx_word' id='word_1_116' title='bbox 2162 1044 2371 1093; x_wconf 87' lang='lat' dir='ltr'>describi·</span> 
     </span>
     <span class='ocr_line' id='line_1_13' title="bbox 377 1107 2370 1174; baseline 0.003 -18"><span class='ocrx_word' id='word_1_117' title='bbox 377 1121 452 1157; x_wconf 91' lang='lat' dir='ltr'>tur</span> <span class='ocrx_word' id='word_1_118' title='bbox 468 1126 552 1174; x_wconf 89' lang='lat' dir='ltr'>per</span> <span class='ocrx_word' id='word_1_119' title='bbox 573 1110 700 1174; x_wconf 89' lang='lat' dir='ltr'>quod</span> <span class='ocrx_word' id='word_1_120' title='bbox 718 1109 883 1171; x_wconf 91' lang='lat' dir='ltr'>Jethro</span> <span class='ocrx_word' id='word_1_121' title='bbox 898 1110 955 1158; x_wconf 92' lang='lat' dir='ltr'>ad</span> <span class='ocrx_word' id='word_1_122' title='bbox 978 1110 1409 1166; x_wconf 20' lang='lat' dir='ltr'>Moschenvvenerit,</span> <span class='ocrx_word' id='word_1_123' title='bbox 1447 1111 1498 1157; x_wconf 75' lang='grc' dir='ltr'>ὅτ</span> <span class='ocrx_word' id='word_1_124' title='bbox 1523 1109 1580 1157; x_wconf 90' lang='lat' dir='ltr'>s1c</span> <span class='ocrx_word' id='word_1_125' title='bbox 1602 1107 1842 1156; x_wconf 86' lang='lat' dir='ltr'>consociati</span> <span class='ocrx_word' id='word_1_126' title='bbox 1867 1108 1953 1156; x_wconf 83' lang='lat' dir='ltr'>sint</span> <span class='ocrx_word' id='word_1_127' title='bbox 1969 1109 2031 1156; x_wconf 89' lang='lat' dir='ltr'>ob</span> <span class='ocrx_word' id='word_1_128' title='bbox 2057 1109 2184 1157; x_wconf 71' lang='lat' dir='ltr'>ilium</span> <span class='ocrx_word' id='word_1_129' title='bbox 2208 1111 2370 1162; x_wconf 86' lang='lat' dir='ltr'>finem.</span> 
     </span>
     <span class='ocr_line' id='line_1_14' title="bbox 381 1175 2367 1242; baseline 0.002 -19"><span class='ocrx_word' id='word_1_130' title='bbox 381 1176 530 1240; x_wconf 80' lang='lat' dir='ltr'>Qod</span> <span class='ocrx_word' id='word_1_131' title='bbox 565 1186 656 1224; x_wconf 89' lang='lat' dir='ltr'>non</span> <span class='ocrx_word' id='word_1_132' title='bbox 698 1179 824 1240; x_wconf 91' lang='lat' dir='ltr'>prius</span> <span class='ocrx_word' id='word_1_133' title='bbox 863 1177 1116 1237; x_wconf 85' lang='lat' dir='ltr'>aJehovah</span> <span class='ocrx_word' id='word_1_134' title='bbox 1153 1177 1419 1224; x_wconf 88' lang='lat' dir='ltr'>mandatum</span> <span class='ocrx_word' id='word_1_135' title='bbox 1461 1176 1529 1232; x_wconf 89' lang='lat' dir='ltr'>fit,</span> <span class='ocrx_word' id='word_1_136' title='bbox 1563 1188 1613 1223; x_wconf 90' lang='lat' dir='ltr'>ut</span> <span class='ocrx_word' id='word_1_137' title='bbox 1652 1176 1879 1239; x_wconf 86' lang='lat' dir='ltr'>principes</span> <span class='ocrx_word' id='word_1_138' title='bbox 1915 1175 2247 1233; x_wconf 84' lang='lat' dir='ltr'>ordinarentur,</span> <span class='ocrx_word' id='word_1_139' title='bbox 2283 1179 2367 1242; x_wconf 85' lang='lat' dir='ltr'>qui</span> 
     </span>
     <span class='ocr_line' id='line_1_15' title="bbox 375 1241 2368 1309; baseline 0.001 -20"><span class='ocrx_word' id='word_1_140' title='bbox 375 1243 515 1290; x_wconf 86' lang='lat' dir='ltr'>etiam</span> <span class='ocrx_word' id='word_1_141' title='bbox 533 1241 788 1306; x_wconf 90' lang='lat' dir='ltr'>judicarent</span> <span class='ocrx_word' id='word_1_142' title='bbox 811 1243 1057 1309; x_wconf 89' lang='lat' dir='ltr'>populum,</span> <span class='ocrx_word' id='word_1_143' title='bbox 1092 1243 1165 1291; x_wconf 91' lang='lat' dir='ltr'>sed</span> <span class='ocrx_word' id='word_1_144' title='bbox 1191 1242 1318 1308; x_wconf 93' lang='lat' dir='ltr'>quod</span> <span class='ocrx_word' id='word_1_145' title='bbox 1343 1256 1400 1289; x_wconf 89' lang='lat' dir='ltr'>ex</span> <span class='ocrx_word' id='word_1_146' title='bbox 1424 1242 1612 1289; x_wconf 84' lang='lat' dir='ltr'>consilio</span> <span class='ocrx_word' id='word_1_147' title='bbox 1635 1243 1684 1289; x_wconf 73' lang='grc' dir='ltr'>δε</span> <span class='ocrx_word' id='word_1_148' title='bbox 1710 1241 1834 1289; x_wconf 83' lang='lat' dir='ltr'>suasu</span> <span class='ocrx_word' id='word_1_149' title='bbox 1861 1242 2094 1304; x_wconf 87' lang='lat' dir='ltr'>Jethronis</span> <span class='ocrx_word' id='word_1_150' title='bbox 2119 1243 2165 1289; x_wconf 92' lang='lat' dir='ltr'>id</span> <span class='ocrx_word' id='word_1_151' title='bbox 2190 1243 2368 1291; x_wconf 69' lang='lat' dir='ltr'>factum</span> 
     </span>
     <span class='ocr_line' id='line_1_16' title="bbox 374 1307 2371 1374; baseline 0.001 -20"><span class='ocrx_word' id='word_1_152' title='bbox 374 1307 448 1365; x_wconf 87' lang='lat' dir='ltr'>sit,</span> <span class='ocrx_word' id='word_1_153' title='bbox 482 1321 576 1356; x_wconf 89' lang='lat' dir='ltr'>erat</span> <span class='ocrx_word' id='word_1_154' title='bbox 592 1308 734 1367; x_wconf 88' lang='lat' dir='ltr'>causa,</span> <span class='ocrx_word' id='word_1_155' title='bbox 772 1322 824 1357; x_wconf 90' lang='lat' dir='ltr'>ut</span> <span class='ocrx_word' id='word_1_156' title='bbox 858 1310 958 1357; x_wconf 87' lang='lat' dir='ltr'>haec</span> <span class='ocrx_word' id='word_1_157' title='bbox 982 1325 1068 1368; x_wconf 76' lang='lat' dir='ltr'>res,</span> <span class='ocrx_word' id='word_1_158' title='bbox 1103 1309 1162 1357; x_wconf 91' lang='lat' dir='ltr'>de</span> <span class='ocrx_word' id='word_1_159' title='bbox 1186 1325 1277 1374; x_wconf 91' lang='lat' dir='ltr'>qua</span> <span class='ocrx_word' id='word_1_160' title='bbox 1299 1309 1346 1362; x_wconf 80' lang='lat' dir='ltr'>in</span> <span class='ocrx_word' id='word_1_161' title='bbox 1372 1308 1460 1355; x_wconf 89' lang='lat' dir='ltr'>hoc</span> <span class='ocrx_word' id='word_1_162' title='bbox 1482 1309 1628 1372; x_wconf 85' lang='lat' dir='ltr'>capite</span> <span class='ocrx_word' id='word_1_163' title='bbox 1665 1307 1832 1369; x_wconf 80' lang='lat' dir='ltr'>agitur,</span> <span class='ocrx_word' id='word_1_164' title='bbox 1869 1307 2004 1371; x_wconf 90' lang='lat' dir='ltr'>plene</span> <span class='ocrx_word' id='word_1_165' title='bbox 2029 1308 2077 1355; x_wconf 81' lang='lat' dir='ltr'>in</span> <span class='ocrx_word' id='word_1_166' title='bbox 2101 1307 2181 1356; x_wconf 90' lang='lat' dir='ltr'>suo</span> <span class='ocrx_word' id='word_1_167' title='bbox 2203 1310 2371 1359; x_wconf 87' lang='lat' dir='ltr'>ordine</span> 
     </span>
     <span class='ocr_line' id='line_1_17' title="bbox 373 1374 2368 1440; baseline 0.001 -19"><span class='ocrx_word' id='word_1_168' title='bbox 373 1375 802 1438; x_wconf 71' lang='lat' dir='ltr'>repraesentaretur:</span> <span class='ocrx_word' id='word_1_169' title='bbox 844 1392 951 1424; x_wconf 89' lang='lat' dir='ltr'>nam</span> <span class='ocrx_word' id='word_1_170' title='bbox 987 1377 1033 1422; x_wconf 89' lang='lat' dir='ltr'>in</span> <span class='ocrx_word' id='word_1_171' title='bbox 1070 1375 1432 1438; x_wconf 78' lang='lat' dir='ltr'>praecedentibus</span> <span class='ocrx_word' id='word_1_172' title='bbox 1464 1374 1624 1422; x_wconf 64' lang='lat' dir='ltr'>actum</span> <span class='ocrx_word' id='word_1_173' title='bbox 1658 1375 1722 1421; x_wconf 88' lang='lat' dir='ltr'>est</span> <span class='ocrx_word' id='word_1_174' title='bbox 1756 1374 1814 1421; x_wconf 91' lang='lat' dir='ltr'>de</span> <span class='ocrx_word' id='word_1_175' title='bbox 1849 1374 1988 1438; x_wconf 88' lang='lat' dir='ltr'>priori</span> <span class='ocrx_word' id='word_1_176' title='bbox 2023 1374 2156 1431; x_wconf 89' lang='lat' dir='ltr'>statu,</span> <span class='ocrx_word' id='word_1_177' title='bbox 2193 1375 2239 1423; x_wconf 93' lang='lat' dir='ltr'>in</span> <span class='ocrx_word' id='word_1_178' title='bbox 2275 1391 2368 1440; x_wconf 87' lang='lat' dir='ltr'>qua</span> 
     </span>
     <span class='ocr_line' id='line_1_18' title="bbox 375 1439 2368 1506; baseline 0.002 -19"><span class='ocrx_word' id='word_1_179' title='bbox 375 1439 479 1488; x_wconf 83' lang='lat' dir='ltr'>sunt</span> <span class='ocrx_word' id='word_1_180' title='bbox 514 1441 582 1490; x_wconf 91' lang='lat' dir='ltr'>illi</span> <span class='ocrx_word' id='word_1_181' title='bbox 617 1442 699 1506; x_wconf 90' lang='lat' dir='ltr'>qui</span> <span class='ocrx_word' id='word_1_182' title='bbox 733 1443 792 1490; x_wconf 91' lang='lat' dir='ltr'>ab</span> <span class='ocrx_word' id='word_1_183' title='bbox 827 1441 1027 1503; x_wconf 83' lang='lat' dir='ltr'>Ecclesia</span> <span class='ocrx_word' id='word_1_184' title='bbox 1061 1441 1282 1505; x_wconf 89' lang='lat' dir='ltr'>spirituali</span> <span class='ocrx_word' id='word_1_185' title='bbox 1316 1456 1426 1488; x_wconf 88' lang='lat' dir='ltr'>cum</span> <span class='ocrx_word' id='word_1_186' title='bbox 1461 1452 1796 1502; x_wconf 85' lang='lat' dir='ltr'>regenerantur,</span> <span class='ocrx_word' id='word_1_187' title='bbox 1846 1457 2015 1505; x_wconf 89' lang='lat' dir='ltr'>nempe</span> <span class='ocrx_word' id='word_1_188' title='bbox 2048 1457 2156 1489; x_wconf 91' lang='lat' dir='ltr'>cum</span> <span class='ocrx_word' id='word_1_189' title='bbox 2192 1441 2368 1490; x_wconf 85' lang='lat' dir='ltr'>ducun-</span> 
     </span>
     <span class='ocr_line' id='line_1_19' title="bbox 377 1506 2367 1571; baseline 0.001 -17"><span class='ocrx_word' id='word_1_190' title='bbox 377 1517 454 1554; x_wconf 90' lang='lat' dir='ltr'>tur</span> <span class='ocrx_word' id='word_1_191' title='bbox 488 1523 511 1554; x_wconf 82' lang='lat' dir='ltr'>a</span> <span class='ocrx_word' id='word_1_192' title='bbox 547 1508 754 1556; x_wconf 89' lang='lat' dir='ltr'>Domino</span> <span class='ocrx_word' id='word_1_193' title='bbox 788 1522 868 1571; x_wconf 89' lang='lat' dir='ltr'>per</span> <span class='ocrx_word' id='word_1_194' title='bbox 901 1523 1084 1565; x_wconf 88' lang='lat' dir='ltr'>verum,</span> <span class='ocrx_word' id='word_1_195' title='bbox 1118 1507 1227 1555; x_wconf 88' lang='lat' dir='ltr'>huic</span> <span class='ocrx_word' id='word_1_196' title='bbox 1259 1506 1404 1555; x_wconf 73' lang='lat' dir='ltr'>statui·</span> <span class='ocrx_word' id='word_1_197' title='bbox 1432 1506 1629 1555; x_wconf 86' lang='lat' dir='ltr'>succedit</span> <span class='ocrx_word' id='word_1_198' title='bbox 1662 1506 1785 1562; x_wconf 89' lang='lat' dir='ltr'>alter,</span> <span class='ocrx_word' id='word_1_199' title='bbox 1838 1509 1921 1571; x_wconf 74' lang='lat' dir='ltr'>qui</span> <span class='ocrx_word' id='word_1_200' title='bbox 1955 1507 2019 1555; x_wconf 85' lang='lat' dir='ltr'>est</span> <span class='ocrx_word' id='word_1_201' title='bbox 2053 1519 2104 1555; x_wconf 90' lang='lat' dir='ltr'>ut</span> <span class='ocrx_word' id='word_1_202' title='bbox 2137 1509 2367 1556; x_wconf 82' lang='lat' dir='ltr'>ducantur</span> 
     </span>
     <span class='ocr_line' id='line_1_20' title="bbox 378 1572 2364 1637; baseline 0.002 -17"><span class='ocrx_word' id='word_1_203' title='bbox 378 1589 420 1620; x_wconf 79' lang='lat' dir='ltr'>a·</span> <span class='ocrx_word' id='word_1_204' title='bbox 442 1573 653 1621; x_wconf 91' lang='lat' dir='ltr'>Domino</span> <span class='ocrx_word' id='word_1_205' title='bbox 687 1589 769 1637; x_wconf 88' lang='lat' dir='ltr'>per</span> <span class='ocrx_word' id='word_1_206' title='bbox 802 1574 1010 1630; x_wconf 77' lang='lat' dir='ltr'>bonum3</span> <span class='ocrx_word' id='word_1_207' title='bbox 1068 1573 1252 1622; x_wconf 85' lang='lat' dir='ltr'>versura</span> <span class='ocrx_word' id='word_1_208' title='bbox 1284 1575 1383 1623; x_wconf 85' lang='lat' dir='ltr'>haec</span> <span class='ocrx_word' id='word_1_209' title='bbox 1417 1574 1494 1622; x_wconf 90' lang='lat' dir='ltr'>seu</span> <span class='ocrx_word' id='word_1_210' title='bbox 1528 1573 1718 1623; x_wconf 63' lang='lat' dir='ltr'>murano</span> <span class='ocrx_word' id='word_1_211' title='bbox 1752 1574 1885 1622; x_wconf 90' lang='lat' dir='ltr'>unius</span> <span class='ocrx_word' id='word_1_212' title='bbox 1916 1572 2054 1624; x_wconf 86' lang='lat' dir='ltr'>status</span> <span class='ocrx_word' id='word_1_213' title='bbox 2089 1572 2135 1622; x_wconf 82' lang='lat' dir='ltr'>in</span> <span class='ocrx_word' id='word_1_214' title='bbox 2169 1575 2364 1624; x_wconf 87' lang='lat' dir='ltr'>alterum</span> 
     </span>
     <span class='ocr_line' id='line_1_21' title="bbox 374 1636 2169 1704; baseline 0.003 -19"><span class='ocrx_word' id='word_1_215' title='bbox 374 1636 441 1686; x_wconf 93' lang='lat' dir='ltr'>est</span> <span class='ocrx_word' id='word_1_216' title='bbox 474 1656 582 1704; x_wconf 89' lang='lat' dir='ltr'>quae</span> <span class='ocrx_word' id='word_1_217' title='bbox 615 1641 662 1687; x_wconf 91' lang='lat' dir='ltr'>in</span> <span class='ocrx_word' id='word_1_218' title='bbox 697 1640 786 1688; x_wconf 92' lang='lat' dir='ltr'>hoc</span> <span class='ocrx_word' id='word_1_219' title='bbox 821 1641 985 1704; x_wconf 89' lang='lat' dir='ltr'>Capite</span> <span class='ocrx_word' id='word_1_220' title='bbox 1022 1656 1102 1704; x_wconf 89' lang='lat' dir='ltr'>per</span> <span class='ocrx_word' id='word_1_221' title='bbox 1125 1641 1397 1703; x_wconf 86' lang='lat' dir='ltr'>Jethronem</span> <span class='ocrx_word' id='word_1_222' title='bbox 1433 1639 1713 1689; x_wconf 78' lang='lat' dir='ltr'>describitur.</span> <span class='ocrx_word' id='word_1_223' title='bbox 2168 1688 2169 1691; x_wconf 75' lang='grc'>,</span> 
     </span>
    </p>

    <p class='ocr_par' dir='ltr' id='par_1_6' title="bbox 368 1705 2425 2104">
     <span class='ocr_line' id='line_1_22' title="bbox 444 1705 2363 1772; baseline 0.003 -20"><span class='ocrx_word' id='word_1_224' title='bbox 444 1710 589 1768; x_wconf 89' lang='lat'><strong>8732.</strong></span> <span class='ocrx_word' id='word_1_225' title='bbox 628 1705 690 1753; x_wconf 87' lang='lat' dir='ltr'>Et</span> <span class='ocrx_word' id='word_1_226' title='bbox 715 1707 800 1753; x_wconf 90' lang='lat' dir='ltr'>ivit</span> <span class='ocrx_word' id='word_1_227' title='bbox 824 1706 906 1755; x_wconf 83' lang='lat' dir='ltr'>fibi</span> <span class='ocrx_word' id='word_1_228' title='bbox 930 1707 986 1754; x_wconf 84' lang='lat' dir='ltr'>ad</span> <span class='ocrx_word' id='word_1_229' title='bbox 1011 1720 1173 1754; x_wconf 87' lang='lat' dir='ltr'>terram</span> <span class='ocrx_word' id='word_1_230' title='bbox 1214 1708 1355 1764; x_wconf 88' lang='lat' dir='ltr'>suam,</span> <span class='ocrx_word' id='word_1_231' title='bbox 1406 1707 1534 1772; x_wconf 88' lang='lat' dir='ltr'>quod</span> <span class='ocrx_word' id='word_1_232' title='bbox 1571 1706 1794 1770; x_wconf 84' lang='lat' dir='ltr'>significet</span> <span class='ocrx_word' id='word_1_233' title='bbox 1827 1706 1886 1755; x_wconf 92' lang='lat' dir='ltr'>ad</span> <span class='ocrx_word' id='word_1_234' title='bbox 1921 1706 2080 1770; x_wconf 90' lang='lat' dir='ltr'>Ipsum</span> <span class='ocrx_word' id='word_1_235' title='bbox 2106 1707 2363 1767; x_wconf 85' lang='lat' dir='ltr'>Divinum,</span> 
     </span>
     <span class='ocr_line' id='line_1_23' title="bbox 370 1771 2360 1838; baseline 0.001 -16"><span class='ocrx_word' id='word_1_236' title='bbox 370 1771 546 1822; x_wconf 89' lang='lat' dir='ltr'>constat</span> <span class='ocrx_word' id='word_1_237' title='bbox 568 1787 625 1820; x_wconf 82' lang='lat' dir='ltr'>ex</span> <span class='ocrx_word' id='word_1_238' title='bbox 650 1772 974 1836; x_wconf 86' lang='lat' dir='ltr'>significatione</span> <span class='ocrx_word' id='word_1_239' title='bbox 999 1774 1062 1820; x_wconf 90' lang='lat' dir='ltr'>ire</span> <span class='ocrx_word' id='word_1_240' title='bbox 1095 1773 1152 1822; x_wconf 83' lang='lat' dir='ltr'>ad</span> <span class='ocrx_word' id='word_1_241' title='bbox 1179 1785 1340 1820; x_wconf 87' lang='lat' dir='ltr'>terram</span> <span class='ocrx_word' id='word_1_242' title='bbox 1365 1772 1509 1829; x_wconf 87' lang='lat' dir='ltr'>suam,</span> <span class='ocrx_word' id='word_1_243' title='bbox 1543 1773 1668 1838; x_wconf 90' lang='lat' dir='ltr'>quod</span> <span class='ocrx_word' id='word_1_244' title='bbox 1693 1774 1747 1820; x_wconf 86' lang='lat' dir='ltr'>fit</span> <span class='ocrx_word' id='word_1_245' title='bbox 1770 1773 1827 1820; x_wconf 87' lang='lat' dir='ltr'>ad</span> <span class='ocrx_word' id='word_1_246' title='bbox 1852 1773 2018 1820; x_wconf 89' lang='lat' dir='ltr'>statum</span> <span class='ocrx_word' id='word_1_247' title='bbox 2044 1774 2262 1837; x_wconf 85' lang='lat' dir='ltr'>priorem,</span> <span class='ocrx_word' id='word_1_248' title='bbox 2299 1776 2360 1824; x_wconf 88' lang='lat' dir='ltr'>ita</span> 
     </span>
     <span class='ocr_line' id='line_1_24' title="bbox 368 1839 2362 1904; baseline 0.002 -16"><span class='ocrx_word' id='word_1_249' title='bbox 368 1840 428 1888; x_wconf 88' lang='lat' dir='ltr'>ad</span> <span class='ocrx_word' id='word_1_250' title='bbox 456 1839 718 1899; x_wconf 85' lang='lat' dir='ltr'>Divinum;</span> <span class='ocrx_word' id='word_1_251' title='bbox 766 1853 984 1903; x_wconf 86' lang='lat' dir='ltr'>praeterea</span> <span class='ocrx_word' id='word_1_252' title='bbox 1025 1856 1106 1904; x_wconf 89' lang='lat' dir='ltr'>per</span> <span class='ocrx_word' id='word_1_253' title='bbox 1139 1852 1306 1888; x_wconf 86' lang='lat' dir='ltr'>terram</span> <span class='ocrx_word' id='word_1_254' title='bbox 1342 1840 1621 1901; x_wconf 81' lang='lat' dir='ltr'>significatur</span> <span class='ocrx_word' id='word_1_255' title='bbox 1644 1839 1689 1886; x_wconf 90' lang='lat' dir='ltr'>in</span> <span class='ocrx_word' id='word_1_256' title='bbox 1714 1839 1836 1886; x_wconf 88' lang='lat' dir='ltr'>sensu</span> <span class='ocrx_word' id='word_1_257' title='bbox 1863 1840 2036 1887; x_wconf 87' lang='lat' dir='ltr'>interno</span> <span class='ocrx_word' id='word_1_258' title='bbox 2061 1841 2274 1898; x_wconf 74' lang='lat' dir='ltr'>Ecclesia,</span> <span class='ocrx_word' id='word_1_259' title='bbox 2310 1844 2362 1891; x_wconf 78' lang='grc' dir='ltr'>δε</span> 
     </span>
     <span class='ocr_line' id='line_1_25' title="bbox 375 1902 2369 1971; baseline 0.001 -17"><span class='ocrx_word' id='word_1_260' title='bbox 375 1902 567 1971; x_wconf 68' lang='grc' dir='ltr'>ᾳυοςῖιε</span> <span class='ocrx_word' id='word_1_261' title='bbox 605 1904 795 1963; x_wconf 89' lang='lat' dir='ltr'>coelum,</span> <span class='ocrx_word' id='word_1_262' title='bbox 847 1906 953 1955; x_wconf 88' lang='lat' dir='ltr'>inde</span> <span class='ocrx_word' id='word_1_263' title='bbox 991 1902 1037 1954; x_wconf 89' lang='lat' dir='ltr'>in</span> <span class='ocrx_word' id='word_1_264' title='bbox 1080 1905 1204 1955; x_wconf 90' lang='lat' dir='ltr'>sensu</span> <span class='ocrx_word' id='word_1_265' title='bbox 1241 1904 1453 1969; x_wconf 85' lang='lat' dir='ltr'>supremo</span> <span class='ocrx_word' id='word_1_266' title='bbox 1494 1906 1768 1970; x_wconf 83' lang='lat' dir='ltr'>significatur</span> <span class='ocrx_word' id='word_1_267' title='bbox 1800 1905 2027 1955; x_wconf 84' lang='lat' dir='ltr'>Divinum</span> <span class='ocrx_word' id='word_1_268' title='bbox 2049 1927 2070 1961; x_wconf 69' lang='grc' dir='ltr'>ς·</span> <span class='ocrx_word' id='word_1_269' title='bbox 2112 1908 2238 1971; x_wconf 91' lang='lat' dir='ltr'>quod</span> <span class='ocrx_word' id='word_1_270' title='bbox 2281 1924 2369 1971; x_wconf 79' lang='lat' dir='ltr'>per</span> 
     </span>
     <span class='ocr_line' id='line_1_26' title="bbox 371 1972 2425 2037; baseline 0.001 -17"><span class='ocrx_word' id='word_1_271' title='bbox 371 1986 534 2021; x_wconf 84' lang='lat' dir='ltr'>terram</span> <span class='ocrx_word' id='word_1_272' title='bbox 555 1973 606 2020; x_wconf 85' lang='lat' dir='ltr'>in</span> <span class='ocrx_word' id='word_1_273' title='bbox 633 1972 758 2021; x_wconf 87' lang='lat' dir='ltr'>sensu</span> <span class='ocrx_word' id='word_1_274' title='bbox 781 1973 956 2022; x_wconf 84' lang='lat' dir='ltr'>interno</span> <span class='ocrx_word' id='word_1_275' title='bbox 981 1973 1256 2036; x_wconf 81' lang='lat' dir='ltr'>significetur</span> <span class='ocrx_word' id='word_1_276' title='bbox 1281 1973 1496 2030; x_wconf 84' lang='lat' dir='ltr'>Ecclesia,</span> <span class='ocrx_word' id='word_1_277' title='bbox 1533 1975 1593 2020; x_wconf 90' lang='lat' dir='ltr'>ita</span> <span class='ocrx_word' id='word_1_278' title='bbox 1631 1988 1816 2037; x_wconf 89' lang='lat' dir='ltr'>quoque</span> <span class='ocrx_word' id='word_1_279' title='bbox 1851 1972 2068 2036; x_wconf 85' lang='lat' dir='ltr'>Regnum</span> <span class='ocrx_word' id='word_1_280' title='bbox 2095 1974 2285 2021; x_wconf 89' lang='lat' dir='ltr'>Domini</span> <span class='ocrx_word' id='word_1_281' title='bbox 2314 1976 2360 2022; x_wconf 87' lang='lat' dir='ltr'>in</span> <span class='ocrx_word' id='word_1_282' title='bbox 2424 2008 2425 2011; x_wconf 51' lang='lat'><em>=</em></span> 
     </span>
     <span class='ocr_line' id='line_1_27' title="bbox 371 2038 2365 2104; baseline 0.002 -19"><span class='ocrx_word' id='word_1_283' title='bbox 371 2039 523 2095; x_wconf 78' lang='lat' dir='ltr'>coelo,</span> <span class='ocrx_word' id='word_1_284' title='bbox 546 2038 752 2088; x_wconf 86' lang='lat' dir='ltr'>videatur</span> <span class='ocrx_word' id='word_1_285' title='bbox 790 2056 849 2087; x_wconf 90' lang='lat' dir='ltr'>n:</span> <span class='ocrx_word' id='word_1_286' title='bbox 895 2040 1004 2101; x_wconf 88' lang='lat'><em>566.</em></span> <span class='ocrx_word' id='word_1_287' title='bbox 1034 2040 1145 2087; x_wconf 80' lang='lat'><strong>662.</strong></span> <span class='ocrx_word' id='word_1_288' title='bbox 1180 2039 1320 2089; x_wconf 81' lang='lat'>1066.</span> <span class='ocrx_word' id='word_1_289' title='bbox 1354 2040 1495 2102; x_wconf 83' lang='lat'>1067.</span> <span class='ocrx_word' id='word_1_290' title='bbox 1527 2053 1668 2102; x_wconf 85' lang='lat'>1733.</span> <span class='ocrx_word' id='word_1_291' title='bbox 1701 2043 1841 2100; x_wconf 85' lang='lat'>1850.</span> <span class='ocrx_word' id='word_1_292' title='bbox 1867 2054 2011 2102; x_wconf 84' lang='lat'><strong>2¹¹7·</strong></span> <span class='ocrx_word' id='word_1_293' title='bbox 2042 2044 2185 2089; x_wconf 86' lang='lat'>2118.</span> <span class='ocrx_word' id='word_1_294' title='bbox 2214 2044 2365 2104; x_wconf 66' lang='lat'><strong>292&amp;</strong></span> 
     </span>
    </p>
   </div>
   <div class='ocr_carea' id='block_1_5' title="bbox 371 2102 2365 2236">
    <p class='ocr_par' dir='ltr' id='par_1_7' title="bbox 371 2102 2365 2236">
     <span class='ocr_line' id='line_1_28' title="bbox 379 2102 2365 2170; baseline 0.001 -18"><span class='ocrx_word' id='word_1_295' title='bbox 379 2122 526 2167; x_wconf 84' lang='lat'><strong><em>3355.</em></strong></span> <span class='ocrx_word' id='word_1_296' title='bbox 551 2120 700 2165; x_wconf 88' lang='lat'>4447.</span> <span class='ocrx_word' id='word_1_297' title='bbox 725 2121 872 2168; x_wconf 85' lang='lat'>4535.</span> <span class='ocrx_word' id='word_1_298' title='bbox 890 2121 1039 2170; x_wconf 75' lang='lat'><strong><em>5577.</em></strong></span> <span class='ocrx_word' id='word_1_299' title='bbox 1068 2108 1187 2155; x_wconf 88' lang='lat'>8011</span> <span class='ocrx_word' id='word_1_300' title='bbox 1213 2123 1224 2152; x_wconf 89' lang='lat'>:</span> <span class='ocrx_word' id='word_1_301' title='bbox 1260 2106 1384 2169; x_wconf 87' lang='lat' dir='ltr'>quod</span> <span class='ocrx_word' id='word_1_302' title='bbox 1409 2121 1490 2168; x_wconf 89' lang='lat' dir='ltr'>per</span> <span class='ocrx_word' id='word_1_303' title='bbox 1514 2117 1674 2152; x_wconf 85' lang='lat' dir='ltr'>terram</span> <span class='ocrx_word' id='word_1_304' title='bbox 1699 2105 1745 2151; x_wconf 91' lang='lat' dir='ltr'>in</span> <span class='ocrx_word' id='word_1_305' title='bbox 1764 2105 1888 2152; x_wconf 90' lang='lat' dir='ltr'>sensu</span> <span class='ocrx_word' id='word_1_306' title='bbox 1908 2102 2120 2168; x_wconf 89' lang='lat' dir='ltr'>supremo</span> <span class='ocrx_word' id='word_1_307' title='bbox 2139 2106 2365 2167; x_wconf 84' lang='lat' dir='ltr'>significe-</span> 
     </span>
     <span class='ocr_line' id='line_1_29' title="bbox 371 2171 2362 2236; baseline 0.001 -18"><span class='ocrx_word' id='word_1_308' title='bbox 371 2183 449 2218; x_wconf 89' lang='lat' dir='ltr'>tur</span> <span class='ocrx_word' id='word_1_309' title='bbox 476 2171 724 2228; x_wconf 89' lang='lat' dir='ltr'>Divinum,</span> <span class='ocrx_word' id='word_1_310' title='bbox 761 2173 825 2219; x_wconf 90' lang='lat' dir='ltr'>est</span> <span class='ocrx_word' id='word_1_311' title='bbox 842 2173 951 2236; x_wconf 86' lang='lat' dir='ltr'>quia</span> <span class='ocrx_word' id='word_1_312' title='bbox 968 2172 1132 2232; x_wconf 88' lang='lat' dir='ltr'>Jethro</span> <span class='ocrx_word' id='word_1_313' title='bbox 1155 2172 1501 2234; x_wconf 68' lang='lat' dir='ltr'>repraesentabat</span> <span class='ocrx_word' id='word_1_314' title='bbox 1527 2171 1755 2218; x_wconf 88' lang='lat' dir='ltr'>Divinum</span> <span class='ocrx_word' id='word_1_315' title='bbox 1781 2171 1980 2228; x_wconf 88' lang='lat' dir='ltr'>Bonum,</span> <span class='ocrx_word' id='word_1_316' title='bbox 2018 2171 2075 2220; x_wconf 91' lang='lat' dir='ltr'>ita</span> <span class='ocrx_word' id='word_1_317' title='bbox 2097 2172 2252 2234; x_wconf 86' lang='lat' dir='ltr'>Ipsum</span> <span class='ocrx_word' id='word_1_318' title='bbox 2273 2173 2362 2220; x_wconf 88' lang='lat' dir='ltr'>Di·</span> 
     </span>
    </p>
   </div>
   <div class='ocr_carea' id='block_1_6' title="bbox 313 2237 2359 3092">
    <p class='ocr_par' dir='ltr' id='par_1_8' title="bbox 313 2237 2359 3092">
     <span class='ocr_line' id='line_1_30' title="bbox 369 2237 2359 2302; baseline 0.001 -18"><span class='ocrx_word' id='word_1_319' title='bbox 369 2237 553 2297; x_wconf 78' lang='lat' dir='ltr'>vinum,</span> <span class='ocrx_word' id='word_1_320' title='bbox 589 2238 644 2284; x_wconf 86' lang='lat' dir='ltr'>ad</span> <span class='ocrx_word' id='word_1_321' title='bbox 668 2238 796 2301; x_wconf 87' lang='lat' dir='ltr'>quod</span> <span class='ocrx_word' id='word_1_322' title='bbox 823 2239 983 2295; x_wconf 87' lang='lat' dir='ltr'>redire,</span> <span class='ocrx_word' id='word_1_323' title='bbox 1024 2240 1068 2286; x_wconf 88' lang='lat' dir='ltr'>in</span> <span class='ocrx_word' id='word_1_324' title='bbox 1095 2237 1220 2289; x_wconf 87' lang='lat' dir='ltr'>sensu</span> <span class='ocrx_word' id='word_1_325' title='bbox 1245 2239 1388 2285; x_wconf 86' lang='lat' dir='ltr'>literae</span> <span class='ocrx_word' id='word_1_326' title='bbox 1414 2237 1641 2293; x_wconf 86' lang='lat' dir='ltr'>historico,</span> <span class='ocrx_word' id='word_1_327' title='bbox 1679 2253 1769 2284; x_wconf 90' lang='lat' dir='ltr'>non</span> <span class='ocrx_word' id='word_1_328' title='bbox 1794 2237 1921 2295; x_wconf 79' lang='lat' dir='ltr'>aliter</span> <span class='ocrx_word' id='word_1_329' title='bbox 1943 2253 2083 2301; x_wconf 87' lang='lat' dir='ltr'>quam</span> <span class='ocrx_word' id='word_1_330' title='bbox 2111 2254 2188 2302; x_wconf 91' lang='lat' dir='ltr'>per</span> <span class='ocrx_word' id='word_1_331' title='bbox 2211 2240 2274 2286; x_wconf 91' lang='lat' dir='ltr'>ire</span> <span class='ocrx_word' id='word_1_332' title='bbox 2296 2240 2359 2286; x_wconf 88' lang='lat' dir='ltr'>ad</span> 
     </span>
     <span class='ocr_line' id='line_1_31' title="bbox 365 2302 2356 2369; baseline 0.001 -17"><span class='ocrx_word' id='word_1_333' title='bbox 365 2314 529 2352; x_wconf 87' lang='lat' dir='ltr'>terram</span> <span class='ocrx_word' id='word_1_334' title='bbox 555 2302 696 2361; x_wconf 91' lang='lat' dir='ltr'>suam,</span> <span class='ocrx_word' id='word_1_335' title='bbox 713 2305 910 2369; x_wconf 76' lang='lat' dir='ltr'>exprimi</span> <span class='ocrx_word' id='word_1_336' title='bbox 929 2304 1075 2369; x_wconf 89' lang='lat' dir='ltr'>potest</span> <span class='ocrx_word' id='word_1_337' title='bbox 1095 2326 1108 2360; x_wconf 89' lang='lat'>;</span> <span class='ocrx_word' id='word_1_338' title='bbox 1128 2320 1232 2352; x_wconf 88' lang='lat' dir='ltr'>nam</span> <span class='ocrx_word' id='word_1_339' title='bbox 1251 2304 1550 2368; x_wconf 80' lang='lat' dir='ltr'>significativa</span> <span class='ocrx_word' id='word_1_340' title='bbox 1569 2303 1613 2351; x_wconf 89' lang='lat' dir='ltr'>in</span> <span class='ocrx_word' id='word_1_341' title='bbox 1633 2304 1790 2352; x_wconf 91' lang='lat' dir='ltr'>Verbo</span> <span class='ocrx_word' id='word_1_342' title='bbox 1807 2304 1864 2350; x_wconf 87' lang='lat' dir='ltr'>ad</span> <span class='ocrx_word' id='word_1_343' title='bbox 1884 2320 1978 2351; x_wconf 87' lang='lat' dir='ltr'>rem</span> <span class='ocrx_word' id='word_1_344' title='bbox 1998 2303 2356 2368; x_wconf 81' lang='lat' dir='ltr'>repraesentatam</span> 
     </span>
     <span class='ocr_line' id='line_1_32' title="bbox 369 2367 2356 2436; baseline 0.001 -19"><span class='ocrx_word' id='word_1_345' title='bbox 369 2367 715 2418; x_wconf 84' lang='lat' dir='ltr'>accommodate</span> <span class='ocrx_word' id='word_1_346' title='bbox 741 2371 782 2418; x_wconf 89' lang='lat' dir='ltr'>se</span> <span class='ocrx_word' id='word_1_347' title='bbox 807 2372 987 2428; x_wconf 87' lang='lat' dir='ltr'>habent,</span> <span class='ocrx_word' id='word_1_348' title='bbox 1033 2385 1292 2421; x_wconf 80' lang='lat' dir='ltr'>remanente</span> <span class='ocrx_word' id='word_1_349' title='bbox 1327 2385 1479 2420; x_wconf 89' lang='lat' dir='ltr'>tamen</span> <span class='ocrx_word' id='word_1_350' title='bbox 1518 2370 1656 2436; x_wconf 88' lang='lat' dir='ltr'>usque</span> <span class='ocrx_word' id='word_1_351' title='bbox 1690 2371 2019 2434; x_wconf 87' lang='lat' dir='ltr'>fignificatione</span> <span class='ocrx_word' id='word_1_352' title='bbox 2042 2388 2147 2434; x_wconf 82' lang='lat' dir='ltr'>quae</span> <span class='ocrx_word' id='word_1_353' title='bbox 2173 2374 2356 2436; x_wconf 86' lang='lat' dir='ltr'>proprie</span> 
     </span>
     <span class='ocr_line' id='line_1_33' title="bbox 371 2434 2354 2503; baseline 0.002 -21"><span class='ocrx_word' id='word_1_354' title='bbox 371 2434 476 2483; x_wconf 74' lang='lat' dir='ltr'>voci</span> <span class='ocrx_word' id='word_1_355' title='bbox 500 2437 720 2502; x_wconf 87' lang='lat' dir='ltr'>competit</span> <span class='ocrx_word' id='word_1_356' title='bbox 742 2459 757 2492; x_wconf 76' lang='lat'>3</span> <span class='ocrx_word' id='word_1_357' title='bbox 801 2439 911 2488; x_wconf 87' lang='lat' dir='ltr'>ficut</span> <span class='ocrx_word' id='word_1_358' title='bbox 937 2434 1202 2502; x_wconf 69' lang='lat' dir='ltr'>significatio</span> <span class='ocrx_word' id='word_1_359' title='bbox 1227 2451 1372 2495; x_wconf 69' lang='lat' dir='ltr'>terrae,</span> <span class='ocrx_word' id='word_1_360' title='bbox 1407 2453 1514 2503; x_wconf 85' lang='lat' dir='ltr'>quae</span> <span class='ocrx_word' id='word_1_361' title='bbox 1540 2437 1722 2502; x_wconf 87' lang='lat' dir='ltr'>proprie</span> <span class='ocrx_word' id='word_1_362' title='bbox 1758 2437 1979 2500; x_wconf 86' lang='lat' dir='ltr'>fignificat</span> <span class='ocrx_word' id='word_1_363' title='bbox 1997 2438 2260 2495; x_wconf 82' lang='lat' dir='ltr'>Ecclesiam,</span> <span class='ocrx_word' id='word_1_364' title='bbox 2296 2454 2354 2486; x_wconf 80' lang='lat' dir='ltr'>ex</span> 
     </span>
     <span class='ocr_line' id='line_1_34' title="bbox 313 2502 2356 2568; baseline 0.001 -20"><span class='ocrx_word' id='word_1_365' title='bbox 313 2504 316 2507; x_wconf 81' lang='grc'><strong>’</strong></span> <span class='ocrx_word' id='word_1_366' title='bbox 368 2502 496 2549; x_wconf 87' lang='lat' dir='ltr'>causa</span> <span class='ocrx_word' id='word_1_367' title='bbox 516 2503 624 2564; x_wconf 87' lang='lat' dir='ltr'>quia</span> <span class='ocrx_word' id='word_1_368' title='bbox 648 2503 713 2550; x_wconf 88' lang='lat' dir='ltr'>illi</span> <span class='ocrx_word' id='word_1_369' title='bbox 737 2503 817 2567; x_wconf 90' lang='lat' dir='ltr'>qui</span> <span class='ocrx_word' id='word_1_370' title='bbox 843 2505 887 2551; x_wconf 86' lang='lat' dir='ltr'>in</span> <span class='ocrx_word' id='word_1_371' title='bbox 912 2506 1033 2552; x_wconf 85' lang='lat' dir='ltr'>coelo</span> <span class='ocrx_word' id='word_1_372' title='bbox 1058 2505 1177 2562; x_wconf 85' lang='lat' dir='ltr'>suut,</span> <span class='ocrx_word' id='word_1_373' title='bbox 1215 2522 1307 2552; x_wconf 89' lang='lat' dir='ltr'>non</span> <span class='ocrx_word' id='word_1_374' title='bbox 1331 2508 1537 2568; x_wconf 83' lang='lat' dir='ltr'>cogitant</span> <span class='ocrx_word' id='word_1_375' title='bbox 1572 2504 1629 2550; x_wconf 89' lang='lat' dir='ltr'>de</span> <span class='ocrx_word' id='word_1_376' title='bbox 1655 2516 1789 2560; x_wconf 86' lang='lat' dir='ltr'>terra,</span> <span class='ocrx_word' id='word_1_377' title='bbox 1824 2519 1930 2550; x_wconf 88' lang='lat' dir='ltr'>cum</span> <span class='ocrx_word' id='word_1_378' title='bbox 1957 2505 2027 2551; x_wconf 76' lang='lat' dir='ltr'>illa</span> <span class='ocrx_word' id='word_1_379' title='bbox 2053 2506 2099 2551; x_wconf 89' lang='lat' dir='ltr'>in</span> <span class='ocrx_word' id='word_1_380' title='bbox 2116 2505 2269 2552; x_wconf 90' lang='lat' dir='ltr'>Verbo</span> <span class='ocrx_word' id='word_1_381' title='bbox 2292 2505 2356 2551; x_wconf 88' lang='lat' dir='ltr'>le-</span> 
     </span>
     <span class='ocr_line' id='line_1_35' title="bbox 367 2568 2352 2636; baseline 0.002 -22"><span class='ocrx_word' id='word_1_382' title='bbox 367 2568 513 2630; x_wconf 86' lang='lat' dir='ltr'>gitur,</span> <span class='ocrx_word' id='word_1_383' title='bbox 551 2569 624 2615; x_wconf 91' lang='lat' dir='ltr'>sed</span> <span class='ocrx_word' id='word_1_384' title='bbox 648 2569 704 2616; x_wconf 90' lang='lat' dir='ltr'>de</span> <span class='ocrx_word' id='word_1_385' title='bbox 729 2570 844 2617; x_wconf 89' lang='lat' dir='ltr'>statu</span> <span class='ocrx_word' id='word_1_386' title='bbox 870 2571 1080 2634; x_wconf 83' lang='lat' dir='ltr'>spirituali</span> <span class='ocrx_word' id='word_1_387' title='bbox 1101 2572 1248 2634; x_wconf 86' lang='lat' dir='ltr'>gentis</span> <span class='ocrx_word' id='word_1_388' title='bbox 1272 2588 1378 2636; x_wconf 82' lang='lat' dir='ltr'>quae</span> <span class='ocrx_word' id='word_1_389' title='bbox 1402 2573 1448 2617; x_wconf 88' lang='lat' dir='ltr'>in</span> <span class='ocrx_word' id='word_1_390' title='bbox 1471 2583 1600 2626; x_wconf 82' lang='lat' dir='ltr'>terra,</span> <span class='ocrx_word' id='word_1_391' title='bbox 1619 2571 1676 2618; x_wconf 89' lang='lat' dir='ltr'>ita</span> <span class='ocrx_word' id='word_1_392' title='bbox 1694 2570 1751 2626; x_wconf 86' lang='lat' dir='ltr'>de</span> <span class='ocrx_word' id='word_1_393' title='bbox 1771 2569 1980 2631; x_wconf 75' lang='lat' dir='ltr'>religioso</span> <span class='ocrx_word' id='word_1_394' title='bbox 2001 2571 2081 2626; x_wconf 89' lang='lat' dir='ltr'>ibi,</span> <span class='ocrx_word' id='word_1_395' title='bbox 2097 2585 2231 2633; x_wconf 86' lang='lat' dir='ltr'>quare</span> <span class='ocrx_word' id='word_1_396' title='bbox 2247 2587 2352 2619; x_wconf 87' lang='lat' dir='ltr'>cum</span> 
     </span>
     <span class='ocr_line' id='line_1_36' title="bbox 368 2634 2350 2698; baseline 0.002 -17"><span class='ocrx_word' id='word_1_397' title='bbox 368 2634 539 2696; x_wconf 85' lang='lat' dir='ltr'>legitur</span> <span class='ocrx_word' id='word_1_398' title='bbox 562 2646 675 2680; x_wconf 86' lang='lat' dir='ltr'>terra</span> <span class='ocrx_word' id='word_1_399' title='bbox 696 2636 775 2684; x_wconf 86' lang='lat' dir='ltr'>ubi</span> <span class='ocrx_word' id='word_1_400' title='bbox 800 2636 863 2683; x_wconf 91' lang='lat' dir='ltr'>est</span> <span class='ocrx_word' id='word_1_401' title='bbox 887 2637 1103 2694; x_wconf 87' lang='lat' dir='ltr'>Ecclesia,</span> <span class='ocrx_word' id='word_1_402' title='bbox 1141 2650 1250 2687; x_wconf 86' lang='lat' dir='ltr'>tunc</span> <span class='ocrx_word' id='word_1_403' title='bbox 1274 2638 1423 2685; x_wconf 84' lang='lat' dir='ltr'>ideam</span> <span class='ocrx_word' id='word_1_404' title='bbox 1450 2636 1660 2684; x_wconf 85' lang='lat' dir='ltr'>Ecclesiae</span> <span class='ocrx_word' id='word_1_405' title='bbox 1678 2636 1740 2682; x_wconf 88' lang='lat' dir='ltr'>ibi</span> <span class='ocrx_word' id='word_1_406' title='bbox 1766 2635 1949 2693; x_wconf 84' lang='lat' dir='ltr'>habent,</span> <span class='ocrx_word' id='word_1_407' title='bbox 1986 2637 2036 2683; x_wconf 77' lang='grc' dir='ltr'>δε</span> <span class='ocrx_word' id='word_1_408' title='bbox 2058 2653 2176 2698; x_wconf 16' lang='lat' dir='ltr'>*cum</span> <span class='ocrx_word' id='word_1_409' title='bbox 2203 2637 2350 2684; x_wconf 84' lang='lat' dir='ltr'>ideam</span> 
     </span>
     <span class='ocr_line' id='line_1_37' title="bbox 368 2699 2355 2767; baseline 0.001 -20"><span class='ocrx_word' id='word_1_410' title='bbox 368 2699 603 2756; x_wconf 86' lang='lat' dir='ltr'>Ecclesiae,</span> <span class='ocrx_word' id='word_1_411' title='bbox 640 2700 775 2747; x_wconf 91' lang='lat' dir='ltr'>etiam</span> <span class='ocrx_word' id='word_1_412' title='bbox 794 2702 943 2751; x_wconf 86' lang='lat' dir='ltr'>ideam</span> <span class='ocrx_word' id='word_1_413' title='bbox 967 2703 1348 2766; x_wconf 82' lang='lat' dir='ltr'>RegniDomini,</span> <span class='ocrx_word' id='word_1_414' title='bbox 1384 2702 1578 2767; x_wconf 89' lang='lat' dir='ltr'>proinde</span> <span class='ocrx_word' id='word_1_415' title='bbox 1600 2701 1725 2759; x_wconf 87' lang='lat' dir='ltr'>coeli,</span> <span class='ocrx_word' id='word_1_416' title='bbox 1751 2702 1802 2749; x_wconf 74' lang='grc' dir='ltr'>ὅτ</span> <span class='ocrx_word' id='word_1_417' title='bbox 1831 2718 1936 2749; x_wconf 89' lang='lat' dir='ltr'>cum</span> <span class='ocrx_word' id='word_1_418' title='bbox 1952 2703 2077 2759; x_wconf 87' lang='lat' dir='ltr'>coeli,</span> <span class='ocrx_word' id='word_1_419' title='bbox 2113 2705 2251 2751; x_wconf 89' lang='lat' dir='ltr'>etiam</span> <span class='ocrx_word' id='word_1_420' title='bbox 2270 2704 2355 2750; x_wconf 91' lang='lat' dir='ltr'>Di-</span> 
     </span>
     <span class='ocr_line' id='line_1_38' title="bbox 366 2765 2357 2833; baseline 0.002 -21"><span class='ocrx_word' id='word_1_421' title='bbox 366 2765 465 2813; x_wconf 90' lang='lat' dir='ltr'>vini</span> <span class='ocrx_word' id='word_1_422' title='bbox 491 2767 551 2813; x_wconf 92' lang='lat' dir='ltr'>ibi</span> <span class='ocrx_word' id='word_1_423' title='bbox 575 2785 592 2818; x_wconf 77' lang='lat'>3</span> <span class='ocrx_word' id='word_1_424' title='bbox 629 2777 676 2813; x_wconf 90' lang='lat' dir='ltr'>at</span> <span class='ocrx_word' id='word_1_425' title='bbox 698 2782 807 2815; x_wconf 90' lang='lat' dir='ltr'>cum</span> <span class='ocrx_word' id='word_1_426' title='bbox 833 2783 903 2817; x_wconf 85' lang='lat' dir='ltr'>res</span> <span class='ocrx_word' id='word_1_427' title='bbox 923 2769 1232 2832; x_wconf 75' lang='lat' dir='ltr'>repraesentata</span> <span class='ocrx_word' id='word_1_428' title='bbox 1255 2770 1351 2831; x_wconf 87' lang='lat' dir='ltr'>agit</span> <span class='ocrx_word' id='word_1_429' title='bbox 1372 2768 1429 2817; x_wconf 80' lang='lat' dir='ltr'>de</span> <span class='ocrx_word' id='word_1_430' title='bbox 1448 2768 1620 2833; x_wconf 87' lang='lat' dir='ltr'>reliqua</span> <span class='ocrx_word' id='word_1_431' title='bbox 1644 2784 1689 2815; x_wconf 92' lang='lat' dir='ltr'>re</span> <span class='ocrx_word' id='word_1_432' title='bbox 1713 2767 1860 2815; x_wconf 63' lang='lat' dir='ltr'>sancta</span> <span class='ocrx_word' id='word_1_433' title='bbox 1887 2769 1930 2816; x_wconf 88' lang='lat' dir='ltr'>in</span> <span class='ocrx_word' id='word_1_434' title='bbox 1956 2768 2170 2825; x_wconf 73' lang='lat' dir='ltr'>Ecclesia,</span> <span class='ocrx_word' id='word_1_435' title='bbox 2205 2784 2282 2817; x_wconf 91' lang='lat' dir='ltr'>aut</span> <span class='ocrx_word' id='word_1_436' title='bbox 2305 2770 2357 2816; x_wconf 76' lang='lat' dir='ltr'>In</span> 
     </span>
     <span class='ocr_line' id='line_1_39' title="bbox 363 2832 2355 2899; baseline 0.001 -19"><span class='ocrx_word' id='word_1_437' title='bbox 363 2832 506 2888; x_wconf 88' lang='lat' dir='ltr'>coelo,</span> <span class='ocrx_word' id='word_1_438' title='bbox 544 2844 654 2879; x_wconf 88' lang='lat' dir='ltr'>tunc</span> <span class='ocrx_word' id='word_1_439' title='bbox 686 2832 765 2879; x_wconf 86' lang='lat' dir='ltr'>illa</span> <span class='ocrx_word' id='word_1_440' title='bbox 801 2849 865 2881; x_wconf 83' lang='lat' dir='ltr'>res</span> <span class='ocrx_word' id='word_1_441' title='bbox 895 2850 975 2897; x_wconf 89' lang='lat' dir='ltr'>per</span> <span class='ocrx_word' id='word_1_442' title='bbox 993 2848 1157 2883; x_wconf 86' lang='lat' dir='ltr'>terram</span> <span class='ocrx_word' id='word_1_443' title='bbox 1176 2836 1324 2899; x_wconf 89' lang='lat' dir='ltr'>potest</span> <span class='ocrx_word' id='word_1_444' title='bbox 1349 2834 1563 2896; x_wconf 86' lang='lat' dir='ltr'>intelligi,</span> <span class='ocrx_word' id='word_1_445' title='bbox 1599 2835 1710 2882; x_wconf 86' lang='lat' dir='ltr'>sicut</span> <span class='ocrx_word' id='word_1_446' title='bbox 1733 2850 1877 2890; x_wconf 88' lang='lat' dir='ltr'>amor,</span> <span class='ocrx_word' id='word_1_447' title='bbox 1914 2835 2121 2892; x_wconf 78' lang='lat' dir='ltr'>charitaS,</span> <span class='ocrx_word' id='word_1_448' title='bbox 2157 2837 2355 2892; x_wconf 80' lang='lat' dir='ltr'>bonum,</span> 
     </span>
     <span class='ocr_line' id='line_1_40' title="bbox 363 2897 2351 2965; baseline 0.002 -19"><span class='ocrx_word' id='word_1_449' title='bbox 363 2898 509 2953; x_wconf 81' lang='lat' dir='ltr'>fides3</span> <span class='ocrx_word' id='word_1_450' title='bbox 545 2897 652 2945; x_wconf 91' lang='lat' dir='ltr'>inde</span> <span class='ocrx_word' id='word_1_451' title='bbox 677 2910 814 2960; x_wconf 89' lang='lat' dir='ltr'>patet,</span> <span class='ocrx_word' id='word_1_452' title='bbox 849 2901 976 2962; x_wconf 91' lang='lat' dir='ltr'>quod</span> <span class='ocrx_word' id='word_1_453' title='bbox 1000 2901 1144 2964; x_wconf 90' lang='lat' dir='ltr'>usque</span> <span class='ocrx_word' id='word_1_454' title='bbox 1169 2902 1454 2962; x_wconf 84' lang='lat' dir='ltr'>significatio,</span> <span class='ocrx_word' id='word_1_455' title='bbox 1490 2916 1600 2965; x_wconf 84' lang='lat' dir='ltr'>quae</span> <span class='ocrx_word' id='word_1_456' title='bbox 1638 2901 1819 2964; x_wconf 87' lang='lat' dir='ltr'>proprie</span> <span class='ocrx_word' id='word_1_457' title='bbox 1861 2902 1963 2949; x_wconf 86' lang='lat' dir='ltr'>voci</span> <span class='ocrx_word' id='word_1_458' title='bbox 2001 2901 2241 2964; x_wconf 89' lang='lat' dir='ltr'>competit,</span> <span class='ocrx_word' id='word_1_459' title='bbox 2279 2917 2351 2949; x_wconf 79' lang='lat' dir='ltr'>re-</span> 
     </span>
     <span class='ocr_line' id='line_1_41' title="bbox 363 2964 2349 3030; baseline 0.002 -18"><span class='ocrx_word' id='word_1_460' title='bbox 363 2977 561 3027; x_wconf 76' lang='lat' dir='ltr'>maneat,</span> <span class='ocrx_word' id='word_1_461' title='bbox 598 2964 706 3012; x_wconf 87' lang='lat' dir='ltr'>sicut</span> <span class='ocrx_word' id='word_1_462' title='bbox 741 2980 848 3012; x_wconf 90' lang='lat' dir='ltr'>cum</span> <span class='ocrx_word' id='word_1_463' title='bbox 875 2965 1152 3029; x_wconf 86' lang='lat' dir='ltr'>significatur</span> <span class='ocrx_word' id='word_1_464' title='bbox 1175 2967 1366 3023; x_wconf 88' lang='lat' dir='ltr'>bonum,</span> <span class='ocrx_word' id='word_1_465' title='bbox 1414 2967 1489 3014; x_wconf 87' lang='lat' dir='ltr'>vel</span> <span class='ocrx_word' id='word_1_466' title='bbox 1514 2981 1642 3014; x_wconf 91' lang='lat' dir='ltr'>amor</span> <span class='ocrx_word' id='word_1_467' title='bbox 1665 2967 1739 3013; x_wconf 90' lang='lat' dir='ltr'>vel</span> <span class='ocrx_word' id='word_1_468' title='bbox 1758 2967 1962 3022; x_wconf 86' lang='lat' dir='ltr'>charitas,</span> <span class='ocrx_word' id='word_1_469' title='bbox 2000 2968 2140 3030; x_wconf 88' lang='lat' dir='ltr'>usque</span> <span class='ocrx_word' id='word_1_470' title='bbox 2165 2969 2349 3015; x_wconf 87' lang='lat' dir='ltr'>univer-</span> 
     </span>
     <span class='ocr_line' id='line_1_42' title="bbox 359 3023 2351 3092; baseline 0.001 -13"><span class='ocrx_word' id='word_1_471' title='bbox 359 3023 507 3079; x_wconf 79' lang='lat' dir='ltr'>saliter</span> <span class='ocrx_word' id='word_1_472' title='bbox 531 3043 710 3080; x_wconf 85' lang='lat' dir='ltr'>maneat</span> <span class='ocrx_word' id='word_1_473' title='bbox 734 3031 1004 3092; x_wconf 83' lang='lat' dir='ltr'>fignificatio</span> <span class='ocrx_word' id='word_1_474' title='bbox 1029 3031 1261 3091; x_wconf 85' lang='lat' dir='ltr'>Ecclefiae,</span> <span class='ocrx_word' id='word_1_475' title='bbox 1297 3049 1402 3082; x_wconf 87' lang='lat' dir='ltr'>nam</span> <span class='ocrx_word' id='word_1_476' title='bbox 1435 3032 1510 3081; x_wconf 86' lang='lat' dir='ltr'>illa</span> <span class='ocrx_word' id='word_1_477' title='bbox 1537 3032 1641 3082; x_wconf 86' lang='lat' dir='ltr'>sunt</span> <span class='ocrx_word' id='word_1_478' title='bbox 1656 3032 1896 3082; x_wconf 72' lang='lat' dir='ltr'>essentialia</span> <span class='ocrx_word' id='word_1_479' title='bbox 1932 3034 2165 3091; x_wconf 79' lang='lat' dir='ltr'>Ecclefiae,</span> <span class='ocrx_word' id='word_1_480' title='bbox 2196 3035 2246 3084; x_wconf 74' lang='grc' dir='ltr'>δε</span> <span class='ocrx_word' id='word_1_481' title='bbox 2286 3033 2351 3082; x_wconf 81' lang='lat' dir='ltr'>fa-</span> 
     </span>
    </p>
   </div>
   <div class='ocr_carea' id='block_1_7' title="bbox 360 3096 2349 3217">
    <p class='ocr_par' dir='ltr' id='par_1_9' title="bbox 360 3096 2349 3217">
     <span class='ocr_line' id='line_1_43' title="bbox 360 3096 883 3148; baseline 0.004 -2"><span class='ocrx_word' id='word_1_482' title='bbox 360 3097 492 3147; x_wconf 91' lang='lat' dir='ltr'>ciunt</span> <span class='ocrx_word' id='word_1_483' title='bbox 516 3109 564 3148; x_wconf 88' lang='lat' dir='ltr'>ut</span> <span class='ocrx_word' id='word_1_484' title='bbox 586 3097 643 3147; x_wconf 86' lang='lat' dir='ltr'>sit</span> <span class='ocrx_word' id='word_1_485' title='bbox 667 3096 883 3148; x_wconf 77' lang='lat' dir='ltr'>Ecclesia.</span> 
     </span>
     <span class='ocr_line' id='line_1_44' title="bbox 2191 3165 2349 3217; baseline -0.025 0"><span class='ocrx_word' id='word_1_486' title='bbox 2191 3165 2349 3217; x_wconf 85' lang='lat' dir='ltr'>Conti-</span> 
     </span>
    </p>
   </div>
  </div>
 </body>
</html>
