2722 3684
356 189 547 237 .2o2
823 122 1499 242 EX*·0'.·D
1634 168 1720 241 U
1829 166 1924 239 ‘Sa

411 296 657 347 fundantur
681 296 812 362 super
847 296 1000 363 spatiis
1034 298 1083 345 &
1120 297 1424 361 temporibuS,
1461 292 1604 362 usque
1628 298 1741 346 adeo
1764 310 1816 347 ut
1841 298 1986 346 homo
2009 295 2174 360 absque
2198 296 2285 346 illis
2311 295 2391 347 00⁴
2449 291 2455 297 ¹

345 375 347 377 ·
414 367 558 426 gitare
584 382 673 414 non
701 368 868 429 poffit3
907 365 1011 412 inde
1037 365 1067 413 fi
1091 364 1304 412 abstrahis
1328 378 1533 429 tempora
1552 368 1600 415 δι·
1626 365 1762 429 spatia
1787 367 1844 413 ab
1869 365 2069 413 hominis
2092 364 2390 428 cogitatione,
2455 406 2462 412 a

413 431 494 478 vix
519 433 771 497 appel-cipit
793 434 1044 497 quicquam
1066 452 1079 485 3
1117 443 1163 477 at
1180 430 1321 493 usque
1346 432 1495 495 angeli
1523 433 1566 479 in
1582 433 1712 485 coelo¹
1727 431 1905 496 prorsus
1927 433 2092 497 abique
2111 432 2260 493 aliqua
2285 432 2387 482 idea

413 501 634 562 temporis
654 501 703 548 &
730 500 861 563 spatii
883 499 1100 561 cogitant,
1136 512 1185 543 ac
1205 498 1266 543 ita
1292 497 1445 560 plene,
1481 510 1529 546 ut
1552 498 1849 559 cogitationes
1881 514 2039 546 eorum
2069 499 2290 547 excedant
2312 514 2391 546 co-

412 565 659 627 gitationes
682 566 878 614 hominis
904 563 1198 626 intelligentia
1218 564 1267 610 ὅτ
1294 564 1507 626 sapientia
1550 564 1710 613 millies
1745 565 1843 614 imo
1867 564 2110 629 myriadies
2132 586 2145 621 ·,
2184 566 2233 613 &
2257 558 2402 630 quod'

414 633 605 688 mirum,
644 634 675 681 si
711 633 834 695 apud
872 632 971 678 illos
999 628 1243 688 intervenit
1268 630 1365 678 idea
1402 646 1458 678 ex
1485 643 1691 697 tempore
1717 633 1763 680 δε
1790 633 1947 696 spatio,
1985 631 2145 680 statimv
2173 632 2392 681 obveniat

413 699 637 746 mentibus
661 699 845 746 illorum
869 699 1031 745 umbra
1051 696 1100 744 δι
1123 695 1291 758 caligo,
1310 697 1419 762 quia
1435 698 1604 746 cadunt
1627 692 1739 747 tuncx
1754 715 1779 746 e
1802 700 1903 747 luce
1924 699 2034 747 coeli
2060 700 2104 747 in
2132 699 2285 747 lumen
2311 703 2391 748 na-

413 777 545 820 turae,
583 766 709 829 quod
743 765 829 813 illis
851 759 915 811 est
937 764 1098 827 caligo.
1170 763 1321 827 (Qod¹
1339 763 1478 828 spatia
1501 766 1551 812 δε
1574 777 1782 828 tempora
1806 781 1897 812 non
1921 766 2009 812 sint
2044 766 2090 812 in
2114 762 2251 814 altera
2274 765 2385 822 vita,

411 830 485 878 sed
515 831 666 887 status,
703 832 778 880 seu
802 832 928 896 quod
953 829 1230 895 apparentiae
1249 832 1538 880 illorumfint
1556 848 1613 880 ex
1639 831 1964 880 variationibus
1983 830 2118 878 status
2135 832 2286 895 quoad
2306 833 2388 881 bo—

410 913 520 944 num
547 900 593 945 &
625 914 802 955 verum,
855 898 1062 946 videatur
1085 914 1142 946 n:
1171 897 1318 959 2625.
1344 902 1492 961 2837.
1520 899 1666 963 3356.
1706 902 1852 963 3387.
1880 913 2026 960 3404.
2062 914 2210 962 432¹·
2234 901 2388 959 4882.

413 965 556 1024 5‘06.
581 968 672 1029 738
688 984 703 1015 1
724 983 736 1014 z
772 965 878 1013 inde
903 979 1022 1012 nunc
1045 974 1185 1028 patet,
1224 964 1336 1029 quid
1361 965 1469 1013 stare
1489 981 1513 1012 e
1539 967 1799 1031 longinquo
1821 965 2045 1028 fignificat
2070 965 2115 1011 in
2141 963 2265 1012 sensu
2300 965 2390 1030 spi-

409 1032 562 1095 rituali
597 1032 726 1097 quod
761 1048 928 1095 nempe
963 1031 1264 1079 remotionem
1289 1047 1314 1078 a
1336 1032 1458 1080 coelo
1481 1032 1560 1080 ubi
1585 1033 1834 1088 Divinum,
1872 1032 1947 1079 hic
1981 1030 2287 1080 remotionem
2329 1032 2387 1081 ab

408 1097 614 1157 internis,
652 1099 774 1162 quia,
809 1112 859 1146 ut
880 1097 1196 1162 supradictum
1222 1097 1301 1155 est,
1339 1113 1450 1160 gens
1481 1099 1572 1156 illa,
1607 1115 1715 1164 quae
1746 1115 1774 1147 a
1806 1098 2104 1162 longinquoe
2130 1111 2292 1146 monte
2313 1099 2387 1145 Si-

409 1165 482 1212 nai
508 1179 614 1214 tunc
639 1165 773 1223 stetit,
809 1163 1101 1213 remotiflima
1123 1164 1209 1212 fuit
1231 1164 1289 1212 ab
1311 1165 1493 1213 internis
1509 1199 1523 1221 ,
1575 1178 1669 1213 erat
1691 1165 1816 1212 enim
1842 1165 1987 1214 solum
2013 1164 2057 1212 in
2083 1166 2296 1222 externis,
2334 1166 2385 1212 &

411 1232 457 1279 in
477 1232 544 1280 his
567 1248 705 1280 omne
728 1233 872 1281 cultus
892 1233 1052 1279 Divini
1078 1231 1230 1295 posuit
1254 1252 1268 1286 3
1303 1232 1431 1295 quod
1450 1229 1594 1281 facere
1609 1232 1746 1281 etiam
1766 1231 1832 1279 illi
1852 1234 1979 1294 genti
1997 1231 2264 1294 permissum
2282 1230 2388 1289 fuit,

408 1299 515 1359 quia
539 1300 596 1348 fic
621 1300 770 1365 potuit
794 1298 1104 1362 repraesentare
1127 1298 1329 1346 coelestia
1352 1299 1401 1346 &
1424 1298 1612 1356 Divina,
1648 1314 1754 1346 nam
1777 1298 1837 1346 ad
1860 1296 2286 1362 repraesentandum,
2322 1314 2389 1346 re-

409 1364 602 1430 quiritur
624 1379 879 1421 externum,
919 1365 966 1412 &
1008 1380 1195 1428 quoque
1228 1364 1360 1412 datur
1383 1356 1550 1428 absque
1567 1377 1774 1421 externo,
1811 1380 1868 1412 n:
1898 1379 2043 1428 3¹42.
2069 1365 2213 1428 3670.
2238 1369 2390 1425 4208.

407 1436 723 1493 4281.4288.
750 1447 899 1495 4307.
927 1433 1070 1494 8588.
1139 1431 1480 1496 Longinquum
1518 1432 1744 1494 fignificat
1783 1431 2083 1479 remotionem
2122 1447 2146 1478 a
2187 1432 2382 1481 bono&

410 1513 539 1555 vero,
575 1515 683 1564 quae
705 1516 727 1546 a
751 1498 949 1556 Divin0,
982 1500 1042 1545 ita
1060 1497 1118 1545 ab
1151 1497 1355 1556 interni8‚
1390 1499 1531 1547 etiam
1562 1499 1607 1546 in
1642 1497 1937 1563 sequentibus
1959 1497 2106 1552 locis;
2141 1497 2262 1562 apud
2283 1497 2390 1561 ‚Lu-

407 1580 509 1626 cam
545 1573 582 1595 ‘⁶
608 1567 752 1614 Dives
776 1566 820 1614 in
846 1565 1023 1613 inferno
1047 1563 1207 1613 tollens
1226 1563 1381 1613 oculos
1401 1564 1520 1624 suos,
1553 1563 1668 1613 vidit
1693 1562 1993 1614 Abrahamum
2017 1579 2039 1611 e
2061 1564 2294 1628 longinquo,
2331 1565 2384 1613 ὅτ

406 1632 644 1680 Abraham
671 1633 716 1681 in
744 1633 838 1680 finu
859 1633 995 1681 illius.
1067 1631 1301 1679 Abraham
1327 1631 1447 1679 dixit
1469 1633 1530 1690 ei,
1567 1635 1787 1680 internos
1803 1631 1860 1682 ὃ
1876 1647 1950 1679 vos
1973 1631 2117 1680 hiatus
2139 1635 2283 1696 ingens
2304 1631 2382 1679 fir·-

408 1710 557 1746 matus
581 1698 663 1756 est,
699 1713 749 1748 ut
784 1700 864 1764 qui
891 1701 1052 1747 volunt
1077 1697 1385 1746 transcendere
1409 1699 1576 1747 exhinc
1598 1699 1654 1746 ad
1680 1714 1761 1746 vos
1784 1714 1875 1747 non
1914 1700 2096 1762 poffint,
2131 1714 2281 1763 neque
2303 1698 2389 1762 qui

409 1763 471 1812 ibi
497 1766 551 1813 ad
579 1781 659 1813 nos
695 1769 876 1814 transire
895 1765 926 1792 ’⁹
977 1781 1058 1812 xvi
1084 1782 1094 1812 :
1124 1780 1201 1828 23.
1229 1764 1322 1820 26;
1370 1781 1450 1828 per
1480 1765 1801 1814 Abrahamum
1826 1781 1917 1812 non
1943 1764 2209 1828 intelligitur
2232 1764 2386 1813 Abra-

403 1831 531 1888 ham,
569 1849 672 1880 nam
700 1834 772 1881 ille
799 1832 990 1882 nescitur
1028 1833 1073 1878 in
1101 1832 1246 1888 coelo,
1299 1831 1373 1879 sed
1397 1831 1445 1879 in
1470 1833 1685 1895 supremo
1708 1829 1832 1880 sensu
1853 1830 2106 1887 DominUS,
2140 1833 2192 1878 δε
2233 1832 2278 1878 in
2314 1847 2387 1880 re-

406 1897 609 1962 spective
634 1901 700 1948 illi
715 1903 760 1949 in
780 1899 901 1949 coelo
920 1899 993 1965 qui
1022 1900 1067 1946 in
1086 1899 1210 1947 bono
1234 1899 1399 1946 amoris
1422 1900 1472 1948 &
1495 1899 1604 1947 fidei
1630 1898 1675 1946 in
1702 1898 1962 1950 Dominum
1987 1898 2107 1954 sunt,
2145 1915 2173 1945 n
2196 1914 2207 1945 :
2238 1901 2293 1946 18
2302 1915 2384 1959 34.

413 1967 555 2030 1876.
589 1969 726 2032 1965.
753 1970 894 2031 1989.
923 1983 1069 2016 2011.
1098 1981 1245 2028 3245.
1271 1982 1398 2029 3305
1424 1966 1520 2015 fin:
1548 1967 1693 2031 6098.
1722 1965 1869 2028 6185.
1912 1965 2058 2026 6276.
2083 1966 2250 2026 68943
2299 1965 2383 2029 qui

405 2033 452 2081 in
469 2032 645 2080 inferno
665 2034 782 2091 sunt,
800 2034 1013 2083 dicuntur
1027 2048 1051 2080 e
1069 2031 1328 2099 longinquo
1349 2034 1500 2081 videre
1523 2034 1621 2082 illos
1634 2032 1713 2098 qui
1732 2034 1778 2080 in
1801 2031 1927 2084 coelo
1945 2031 2059 2088 sunt,
2077 2029 2184 2096 quia
2202 2030 2246 2078 in
2267 2029 2387 2080 statu

402 2101 705 2149 remotiffirno
726 2102 822 2150 sunt
845 2118 869 2149 a
894 2101 1018 2149 bono
1042 2100 1090 2147 &
1117 2115 1225 2148 vero
1246 2122 1260 2155 ;
1296 2101 1443 2148 hiatus
1467 2100 1624 2165 ingens
1642 2101 1757 2149 inter
1778 2098 1898 2157 illos,
1933 2097 1998 2146 est
2022 2097 2113 2162 ipsa
2136 2097 2332 2162 remotio
2350 2114 2381 2147 >a

404 2167 544 2224 bono,
579 2183 686 2232 quae
720 2170 856 2217 etiarn
880 2171 957 2215 dat
979 2168 1289 2232 apparentiam
1329 2167 1475 2215 hiatus
1501 2167 1813 2216 intercedentis
1832 2183 1846 2212 ε
1879 2165 1957 2231 qui
1982 2165 2194 2228 cogitant>
2205 2180 2261 2212 ea
2280 2165 2381 2212 idea

401 2233 551 2303 spatii,
588 2248 639 2283 ut
662 2233 831 2282 faciunt
853 2249 1012 2282 omnes
1037 2234 1247 2282 homines
1272 2233 1319 2282 in
1343 2234 1544 2293 mundo,
1579 2233 1646 2281 illi
1670 2249 1763 2281 non
1785 2233 1915 2281 aliter
1932 2232 2206 2297 percipiunt,
2242 2247 2386 2296 quam

401 2301 525 2366 quod
553 2300 778 2350 infernum
802 2302 1017 2365 sit-longe
1038 2300 1206 2362 distans
1228 2301 1284 2349 ab
1308 2300 1512 2358 homine,
1546 2301 1595 2349 &
1614 2315 1800 2365 quoque
1824 2299 1949 2364 quod
1969 2299 2144 2346 coelum
2165 2317 2180 2352 3
2214 2297 2291 2347 sed
2315 2313 2384 2346 res

399 2369 530 2416 aliter
554 2369 595 2416 se
620 2368 774 2427 habet,
812 2367 1039 2416 infernum
1065 2368 1115 2416 ὅτ
1131 2367 1302 2416 coelum
1323 2367 1424 2416 sunt
1442 2383 1584 2432 prope
1607 2367 1861 2423 hominem,
1899 2365 1996 2413 imo
2012 2364 2058 2411 in
2082 2362 2288 2427 homine,
2314 2365 2384 2412 in·

398 2433 583 2483 fernum
611 2434 652 2481 in
680 2434 868 2483 homine
888 2434 1025 2492 malo,
1061 2434 1112 2482 &
1132 2435 1310 2482 coelum
1334 2434 1380 2483 in
1405 2434 1592 2483 homine
1614 2433 1737 2482 bono
1758 2453 1774 2488 3
1809 2427 1999 2497 quisque
2022 2431 2159 2479 etiam
2179 2430 2223 2477 in
2245 2431 2385 2482 idvin.

396 2501 580 2549 fernum
603 2501 675 2549 vel
702 2501 753 2551 in·
774 2501 819 2550 id
843 2501 1033 2559 coelum,
1069 2502 1115 2548 in
1130 2517 1225 2565 quo
1243 2501 1334 2549 fuit
1351 2502 1396 2550 in
1417 2502 1611 2558 mundo,
1648 2499 1750 2563 post
1770 2509 1969 2547 mortem
1990 2497 2114 2545 venit
2135 2518 2151 2552 ·,
2175 2494 2215 2545 sel
2270 2510 2381 2547 tunc

397 2580 598 2615 mutatur
622 2569 775 2625 status,
812 2569 1043 2616 infernum
1069 2567 1197 2632 quod
1222 2584 1314 2616 non
1333 2579 1598 2633 perceptum
1623 2567 1667 2614 in
1691 2564 1888 2623 mundo,
1922 2564 1977 2612 fit
1991 2564 2239 2628 perceptibi
2260 2580 2302 2620 e,
2324 2565 2380 2613 δε

396 2636 572 2683 coelum
597 2636 718 2697 quod
747 2652 828 2683 nec
853 2647 1121 2699 perceptum
1149 2634 1194 2682 in
1221 2636 1400 2682 mundo
1422 2635 1476 2683 fit
1497 2633 1808 2698 perceptibile,
1843 2631 2015 2679 coelum
2037 2631 2233 2695 plenum
2247 2632 2378 2679 omni

397 2700 630 2756 felicitate,
667 2701 962 2748 &infernum
985 2700 1426 2749 omnizinfelicitate:
1483 2700 1609 2765 quod
1649 2699 1820 2746 coelum
1857 2699 1910 2746 fit
1946 2699 2063 2745 intra
2102 2712 2204 2755 nos,
2238 2697 2378 2745 docet

397 2768 629 2818 Dominus
653 2768 772 2829 apud
799 2767 973 2823 Lucam
1011 2775 1048 2797 ‘⁶
1064 2768 1258 2831 Regnum
1279 2769 1369 2816 Dei
1390 2771 1510 2816 intra
1533 2781 1608 2814 vos
1627 2764 1726 2827 est?
1763 2780 1870 2813 xvix
1893 2782 1904 2812 :
1933 2781 2011 2814 21.
2080 2762 2228 2828 Apud
2250 2761 2377 2810 Esai-

394 2850 469 2883 am
523 2843 554 2863 ‘⁶
576 2834 817 2882 Venientes
837 2852 858 2882 e
881 2843 1000 2881 terra
1031 2834 1271 2898 longinqua,
1307 2836 1363 2883 ab
1381 2834 1668 2881 extremitate
1693 2833 1922 2880 coelorum
1940 2830 1972 2854 ''
2024 2844 2155 2878 xm:
2183 2842 2228 2889 5.
2262 2827 2374 2888 Jer:

394 2917 456 2949 v:
499 2916 570 2961 ¹5·
658 2901 802 2964 Apud
842 2900 1057 2949 Eundem
1105 2908 1137 2929 “
1156 2901 1325 2950 Audivi
1357 2901 1584 2965 longinqui,
1631 2899 1743 2963 quid
1779 2899 1980 2951 fecerim,
2029 2895 2382 2962 &cognoscite

389 2969 612 3031 propinqui
634 2968 853 3015 virtutem
886 2982 1035 3014 meam
1050 2968 1081 2991 ”
1115 2982 1309 3014 xxxin:
1353 2984 1424 3031 13.
1495 2966 1644 3030 Apud
1673 2963 1968 3013 Eundem'“
1992 2961 2160 3009 Dicam
2197 2961 2373 3024 septen-

392 3034 547 3090 aloni,
582 3033 654 3088 da,
693 3033 741 3081 δε
768 3033 976 3080 meridiei.
1002 3049 1056 3080 ne
1094 3032 1266 3091 inhibe,
1310 3034 1459 3082 adduc
1498 3034 1618 3082 filios
1653 3047 1780 3080 meos
1827 3047 1859 3078 e·
1893 3028 2132 3091 longinquo,
2168 3027 2214 3076 δε
2262 3027 2382 3077 filias

392 3116 511 3147 meas
549 3101 604 3148 ab
628 3102 889 3148 extremitate
909 3109 1073 3153 terroe3
1123 3100 1238 3148 educ
1261 3099 1490 3164 populum
1525 3099 1691 3151 saecum
1727 3098 1802 3145 cui
1843 3095 1960 3143 oculi
1989 3093 2104 3152 sunt,
2141 3094 2190 3141 δε
2220 3094 2378 3144 suidos

389 3168 555 3231 quibus
578 3182 706 3216 aures
723 3168 754 3191 ”
788 3182 948 3216 xmu:
975 3165 1021 3214 6.
1049 3167 1097 3218 8.
1130 3167 1259 3233 Cap:
1295 3183 1444 3217 xmx:
1474 3180 1565 3217 12-
1620 3163 1771 3235 *Apud
1795 3161 2018 3231 Eundem
2063 3168 2100 3228 {⁶
2125 3162 2386 3277 Atteniciiltg

2219 3245 2266 3277 m
2288 3244 2315 3278 u
