2722 3684
461 222 584 285 502
901 197 963 260 E
1100 194 1181 259 X
1314 193 1367 258 O
1509 194 1581 258 D
1630 179 1633 181 i
1723 191 1795 258 U
1927 191 1992 258 S.

454 307 649 355 mnstare
668 305 831 369 potest,
864 306 979 370 quid
1003 301 1222 369 fignificat
1246 305 1371 368 quod
1395 305 1537 370 aperti
1563 306 1646 354 sint
1668 306 1789 354 oculi
1822 303 2168 388 discipulorum,
2206 305 2255 354 &
2277 320 2419 371 agnoa

454 373 604 419 verint
622 372 900 429 Dominum,
935 389 1027 421 cum
1047 373 1255 421 Dominus
1267 374 1408 435 fregit
1425 385 1591 434 panem,
1626 372 1674 419 δι
1691 370 1802 420 dedit
1823 371 1906 419 illis
1943 369 1955 389 ’
1993 369 2128 428 Luc:
2153 386 2310 418 xx1v2
2337 387 2416 436 29.

453 453 531 498 30.
562 454 641 499 31,
679 437 899 501 quoniam
924 438 1128 498 frangere
1153 452 1315 499 panem
1336 439 1386 485 δε
1417 437 1522 485 dare
1556 436 1642 484 illis
1670 437 1714 484 in
1751 436 1965 499 spirituali
2001 437 2175 483 mundo
2197 434 2418 500 fignificat

453 501 666 550 instruere
690 505 737 549 in
762 503 884 550 bono
907 503 955 549 δε
981 517 1088 548 vero
1112 502 1236 558 fidei,
1275 516 1354 564 per
1386 518 1491 565 quae
1511 514 1697 566 apparet
1719 500 1949 548 Dominus
1969 517 1980 546 ε
2016 511 2117 548 tum
2141 503 2255 564 quid
2284 502 2418 566 figni-

453 567 557 614 ficat
581 567 705 629 panis
728 569 774 616 δι
801 568 976 621 vinum,
1012 568 1061 613 &
1094 566 1203 628 quid
1238 567 1478 614 comedere
1512 568 1561 615 ὅτ
1596 567 1747 614 bibere
1782 564 1827 611 in
1853 565 2000 612 saneta
2023 580 2182 618 caena;
2217 567 2267 613 ὅτ
2297 567 2414 630 quid

451 632 674 693 fignificat
690 633 813 695 quod
841 631 1068 678 Dominus
1093 631 1193 694 post
1218 630 1338 678 illam
1363 631 1612 678 institutam
1636 631 1752 678 dixit
1775 630 1831 676 ad
1852 630 2096 693 discipulos
2130 637 2164 659 “
2184 628 2311 690 Qod
2330 647 2409 680 non

451 696 660 745 bibiturus
684 697 775 760 effet
797 710 846 742 ex
867 697 936 744 illo
959 699 1168 758 genimine
1189 698 1312 753 vitis,
1348 697 1467 761 ulbue
1488 696 1547 744 ad
1566 696 1673 744 diem
1695 696 1831 751 illum,
1876 695 2038 758 quando
2061 694 2107 743 id
2127 694 2334 743 bibiturus
2355 700 2414 759 est

440 763 507 824 set
529 778 620 810 cum
644 761 729 809 illis
750 776 903 808 novum
935 764 980 808 in
1003 763 1152 824 Regno
1179 762 1324 810 Patris
1336 764 1364 785 ’³
1416 761 1566 809 Matth
1589 779 1600 809 :
1623 777 1746 809 xxvi
1768 779 1779 808 ε
1807 761 1884 807 26.
1911 776 1987 822 27.
2014 764 2090 809 28.
2118 776 2194 821 29.
2248 761 2412 824 ‘Quod

451 828 687 874 comedere
709 827 758 874 δι
783 826 935 873 bibere
957 826 1010 874 fit
1031 826 1293 874 informatio
1315 826 1372 873 de
1395 827 1517 874 bono
1534 828 1583 874 ὅτ
1608 842 1716 873 vero
1736 827 1889 881 cultus,
1926 837 2018 872 erat
2041 826 2145 889 quia
2166 825 2265 888 post
2291 828 2414 875 sacri-

449 892 552 939 ficia
573 893 624 941 δι
657 903 845 955 quoque
867 906 922 938 ex
947 892 1163 940 sacrificiis
1188 891 1233 940 id
1259 892 1410 947 fiebat,
1444 893 1493 940 δε
1519 892 1727 940 sacrificia
1749 890 2126 955 repraesentabant
2160 890 2204 937 in
2245 906 2411 954 genere

450 963 638 1006 omnem
661 957 856 1005 cultum.
893 972 950 1003 n:
974 974 1120 1022 9391.

515 1037 664 1086 94¹3·
698 1019 813 1070 Vers
825 1037 835 1067 :
866 1037 939 1070 12.
973 1038 1046 1084 13.
1067 1027 1148 1083 ‘14.
1181 1038 1253 1082 15.
1290 1023 1352 1070 Et
1383 1021 1492 1069 dixit
1515 1023 1712 1084 Jehovah
1741 1022 1801 1070 ad
1819 1023 2031 1082 Moschen‚
2066 1020 2234 1082 asi-ende
2255 1021 2315 1069 ad
2330 1022 2413 1071 Me

450 1088 497 1135 in
520 1096 711 1143 montem,
747 1087 803 1136 ⁴&
825 1086 900 1145 fsto
929 1086 1025 1142 ibi3
1059 1087 1116 1137 ἔθ’
1136 1088 1242 1135 dabo
1271 1087 1350 1136 tibi
1381 1087 1547 1135 tabulas
1581 1087 1751 1150 lapidis,
1787 1089 1842 1138 &
1876 1089 2017 1151 Iegem,
2056 1086 2111 1135 δᾶ
2138 1097 2411 1150 preceptum,

447 1167 540 1215 quae
547 1152 734 1211 scribam
755 1151 815 1198 ad
833 1153 928 1199 doce
956 1151 1053 1199 dum
1076 1153 1183 1202 illos.
1253 1155 1316 1200 Et
1337 1154 1530 1213 fitrrexit
1562 1153 1762 1213 Moscheh
1794 1154 1850 1203 &5
1879 1150 2060 1216 Joschua
2093 1153 2272 1212 minister
2303 1153 2410 1215 qius,

448 1216 505 1265 ξεῖ
527 1216 707 1279 ascendit
730 1168 1006 1273 Moschehzrd
1025 1228 1198 1266 montem
1217 1219 1318 1267 Dei.
1358 1219 1421 1265 Et
1438 1218 1498 1264 ad
1515 1219 1691 1274 seniores
1712 1218 1837 1276 dixit,
1863 1218 2000 1282 sedete
2021 1217 2131 1265 nobis
2153 1220 2197 1265 in
2218 1217 2313 1272 hoc,
2337 1217 2406 1265 do-

446 1297 520 1331 nec
537 1292 809 1330 revertamur
824 1282 883 1329 ad
901 1297 975 1329 vos
996 1303 1009 1336 3
1037 1283 1092 1332 &²
1111 1300 1200 1331 ecce
1215 1283 1391 1331 Aharon
1413 1282 1469 1331 ΕΒ
1493 1284 1615 1331 Chur
1630 1284 1838 1346 vobiscum
1858 1305 1872 1338 ·,
1894 1285 2072 1349 quisquis
2087 1282 2241 1330 habens
2256 1283 2408 1339 verba,

444 1346 621 1395 accedat
653 1350 713 1394 ad
742 1348 848 1395 illos.
903 1348 981 1394 .Et
1013 1348 1197 1407 ascendit
1231 1349 1431 1410 Moscheh
1466 1348 1526 1396 ad
1555 1359 1741 1405 montem,
1788 1349 1843 1398 ἐξ
1876 1349 2026 1396 obtexit
2058 1347 2183 1395 nubes
2217 1357 2409 1397 montem.

448 1411 515 1459 Et
539 1412 654 1459 dixit
678 1411 891 1474 Jehovah
915 1413 971 1458 ad
1007 1413 1248 1471 Moschen,
1285 1415 1503 1476 significat
1533 1414 1869 1461 instructionem
1904 1430 1929 1460 a
1964 1414 2173 1461 Domino
2205 1428 2289 1474 pro
2323 1413 2409 1460 illis

447 1478 527 1540 qui
553 1477 598 1523 in
622 1475 746 1524 sensu
771 1489 986 1526 externo:
1021 1479 1204 1534 ascende
1228 1479 1284 1527 ad
1309 1479 1391 1526 Me
1417 1481 1461 1526 in
1502 1493 1717 1535 montem,
1752 1481 1801 1527 δε
1823 1479 1918 1526 esto
1941 1480 2019 1534 ibi,
2054 1476 2271 1540 fignificat
2294 1493 2409 1541 prae-

446 1542 632 1591 sentiam
660 1543 862 1604 Domini
897 1543 1017 1607 apud
1054 1544 1153 1591 illos
1178 1561 1258 1608 per
1280 1545 1633 1592 intermedium:
1668 1546 1716 1593 &
1751 1545 1869 1592 dabo
1906 1545 1987 1591 tibi
2024 1543 2194 1590 tabulas
2227 1542 2404 1606 lapidis,

445 1608 665 1671 fignificat
687 1608 853 1657 librum
876 1608 1004 1670 legis,
1041 1611 1111 1657 seu
1136 1612 1336 1658 Verbum
1363 1610 1406 1656 in
1431 1610 1556 1657 omni
1580 1609 1856 1673 complexu:
1891 1610 2107 1669 &legem
2133 1609 2181 1655 &
2205 1623 2407 1671 praecep·

447 1685 564 1729 tum,
599 1673 820 1735 fignificat
846 1689 1002 1721 verum
1029 1675 1074 1721 in
1102 1676 1354 1730 communi,
1390 1676 1439 1723 δε
1473 1676 1517 1722 in
1551 1675 1831 1739 particulari:
1866 1691 1972 1738 quae
2013 1673 2196 1722 scribam
2236 1672 2291 1719 ad
2323 1674 2408 1720 do·

444 1739 640 1785 cendum
666 1739 779 1794 illos,
815 1738 1032 1803 fignificat
1055 1741 1109 1788 ad
1135 1741 1506 1788 reminiscentiam
1532 1742 1580 1788 δε
1604 1741 1655 1787 ad
1684 1740 2050 1788 informationem
2073 1756 2085 1785 ε
2139 1739 2188 1785 &
2223 1738 2405 1786 surrexit

445 1802 670 1851 Moscheh
688 1804 737 1851 &
761 1804 1014 1864 Jehoschua
1039 1803 1245 1853 minister
1258 1805 1365 1869 ejuS‚
1402 1805 1857 1867 fignificatVerbum‚
1881 1805 1929 1853 &
1953 1796 2364 1868 repraesentativum
2388 1821 2400 1852 :

445 1870 496 1917 &
519 1869 715 1917 ascendit
738 1868 960 1931 Moscheh
983 1871 1041 1917 ad
1067 1871 1280 1918 Montem
1309 1872 1415 1926 Dei,
1452 1870 1671 1933 fignificat
1704 1871 1849 1918 versus
1874 1870 2049 1918 coelum
2070 1885 2080 1914 :
2116 1869 2165 1915 δε
2189 1867 2243 1913 ad
2268 1868 2407 1930 senio-

445 1950 513 1982 res
529 1934 663 1991 dixit,
701 1934 917 1997 fignificat
939 1937 1039 1984 illos
1063 1937 1141 2000 qui
1169 1937 1212 1997 in
1229 1936 1321 1984 solo
1346 1935 1465 1983 sensu
1489 1948 1704 1983 externo:
1739 1936 1882 1983 sedete
1907 1934 2033 1982 nobis
2062 1935 2109 1980 in
2135 1932 2238 1989 hoc,
2275 1932 2408 1996 figni-

444 2000 550 2047 ficat
574 1999 712 2064 usque
737 2001 792 2048 ad
817 2002 1074 2065 responsum
1095 2019 1108 2050 ε
1144 2002 1193 2049 δε
1216 2016 1314 2049 ecce
1335 2001 1523 2050 Abaton
1549 2003 1596 2049 δε
1620 2001 1744 2048 Chur
1766 2000 2014 2056 vobiscum,
2040 1998 2269 2060 ,fignificat
2300 1999 2406 2044 doc·

444 2066 608 2113 trinam
628 2066 717 2113 veri
740 2081 797 2113 ex
822 2067 975 2115 Verbo
1000 2067 1074 2114 tali
1097 2085 1109 2114 ε
1144 2067 1224 2129 qui
1250 2066 1413 2114 habens
1437 2067 1572 2113 verba
1591 2066 1770 2114 accedat
1792 2067 1847 2114 ad
1873 2066 1986 2120 illos,
2022 2064 2242 2127 fignificat
2276 2063 2404 2127 quod

445 2129 553 2177 inde
576 2131 849 2180 removenda
865 2131 969 2181 falsa
993 2150 1005 2180 ε
1042 2134 1088 2180 &
1113 2132 1309 2179 ascendit
1324 2131 1547 2179 Moscheh
1564 2133 1618 2178 ad
1640 2144 1863 2188 montem,
1889 2129 2106 2193 fignificat
2124 2127 2179 2176 ad
2197 2128 2369 2176 coelum
2387 2145 2402 2176 2

445 2196 496 2244 &
518 2195 695 2247 obtexit
718 2197 859 2243 nubes
876 2211 1100 2254 montem,
1136 2197 1355 2257 fignificat
1377 2210 1557 2245 externa
1575 2197 1733 2246 Verbi.
2307 2218 2310 2221 ¹

509 2277 658 2324 9414.
696 2261 759 2308 Et
783 2262 902 2310 dixit
920 2260 1131 2325 Jehovah'
1154 2263 1210 2309 ad
1237 2262 1476 2319 Mosthen,
1503 2262 1628 2325 quod
1654 2262 1872 2325 significet
1897 2259 2232 2324 instruffionem
2257 2273 2280 2304 a
2305 2258 2404 2305 Do-

444 2326 574 2373 mino
598 2342 681 2388 pro
704 2326 789 2374 illis
812 2329 891 2392 qui
911 2331 957 2375 in
983 2329 1098 2375 sensu
1131 2341 1330 2384 externo,
1365 2327 1533 2374 constat
1564 2343 1619 2374 ex
1645 2327 1966 2388 significatione
1988 2326 2153 2379 dicere,
2187 2322 2313 2385 quod
2350 2322 2400 2370 fit

444 2390 695 2448 instructio,
719 2408 823 2439 cum
847 2393 1044 2440 involvit
1068 2393 1293 2457 sequentia
1314 2410 1418 2457 quae
1434 2392 1736 2440 instructionis
1763 2394 1873 2448 sunt,
1897 2406 1948 2439 ut
1966 2404 2150 2455 quoque
2174 2404 2228 2436 n:
2255 2387 2398 2449 7186.

447 2470 591 2518 7241.
630 2458 772 2520 7267.
799 2473 944 2521 7304.
973 2462 1115 2520 7380.
1140 2473 1286 2523 7527.
1310 2460 1452 2523 7769.
1492 2474 1632 2522 7793.
1662 2461 1802 2519 7825.
1842 2461 1995 2517 8041·,
2030 2454 2153 2518 quod
2176 2453 2228 2503 fit
2252 2469 2277 2499 a
2304 2453 2401 2499 Do·

446 2522 591 2578 mino,
627 2523 688 2569 cst
706 2523 810 2586 quia
836 2540 915 2586 per
937 2524 1160 2584 Jehovam
1186 2526 1231 2570 in
1251 2524 1404 2571 Verbo
1429 2524 1693 2584 intelligitur
1719 2524 1970 2578 Dominus,
2008 2537 2066 2579 ng
2099 2535 2236 2582 ¹343·
2261 2517 2400 2579 1736.

452 2600 592 2649 1793.
627 2603 768 2647 2004.
808 2605 949 2650 ²005·
989 2594 1131 2638 2018.
1170 2604 1314 2649 2025.
1352 2605 1496 2652 2921.
1522 2590 1676 2652 3023.
1708 2585 1868 2653 3035r'
1888 2587 2030 2650 5663.
2069 2585 2214 2635 6280.
2253 2583 2399 2629 6281·

445 2652 591 2713 6303.
618 2653 760 2715 6905.
797 2657 940 2715 8274.
967 2655 1110 2713 8864.
1146 2670 1309 2718 93153
1347 2656 1392 2701 δι
1430 2669 1487 2700 ex
1523 2654 1903 2717 repraesentatione
1936 2650 2151 2705 Moschis,
2186 2647 2312 2712 quod
2348 2648 2410 2695 sit

445 2716 645 2763 medians
670 2720 781 2765 inter·
799 2719 1057 2767 Dominum
1082 2720 1131 2765 &
1156 2720 1399 2781 populum,
1444 2720 1504 2765 ita
1527 2719 1736 2765 Verbum
1773 2718 1926 2782 quoad
1964 2717 2163 2766 sanctum
2201 2712 2290 2773 ejus
2328 2727 2404 2758 ex·

446 2793 641 2838 ternum,
676 2783 762 2829 hoc
783 2786 903 2831 enim
927 2785 989 2833 est
1015 2785 1212 2832 medians
1233 2801 1245 2831 ε
1271 2786 1393 2848 quod
1420 2783 1640 2831 Moscheh
1667 2784 1712 2831 id
1731 2799 1847 2830 nunc
1865 2782 2173 2845 repraesentare
2198 2777 2400 2840 incipiat,

443 2847 616 2893 constat
639 2862 694 2894 ex
720 2849 824 2894 serie
857 2850 1142 2913 sequentium
1164 2870 1177 2904 ;
1214 2850 1407 2913 populus
1429 2850 1551 2896 enim
1575 2849 1647 2896 ille
1670 2851 1714 2896 in
1748 2862 1930 2896 externo
1948 2846 2109 2902 Verbi,
2146 2846 2193 2899 ὅτ
2226 2845 2330 2891 inde
2355 2843 2400 2888 in

443 2925 631 2959 externo
654 2914 801 2960 cultus
826 2914 1021 2976 separato
1044 2916 1101 2963 ab
1125 2916 1297 2963 interno
1320 2928 1429 2971 erat,
1454 2915 1655 2963 videatur
1681 2931 1734 2961 n:
1761 2918 1888 2978 9380
1909 2931 1921 2961 ε
1952 2913 2031 2976 qui
2057 2911 2162 2958 tales
2186 2909 2404 2980 sunu-nc-

444 2992 672 3040 quaquam
703 2981 1159 3027 communicationem
1201 2980 1392 3027 sanctam
1435 2981 1593 3027 habere
1631 2979 1809 3043 poffunt
1846 2995 1953 3026 cum
1997 2975 2217 3030 Domino,
2255 2987 2403 3021 nunus

443 3041 829 3102 conjunctionem,
866 3046 948 3093 nifi
984 3061 1061 3107 per
1088 3046 1438 3093 intermedium:
1475 3046 1710 3105 quomodo
1740 3061 1846 3091 cum
1881 3045 1960 3091 hac
1995 3059 2038 3089 re
2061 3044 2101 3088 se
2127 3041 2273 3092 habet,
2310 3037 2403 3099 ple-

445 3106 544 3156 nius
568 3107 679 3156 infra
718 3127 745 3157 n
766 3126 778 3156 :
820 3126 951 3176 94¹9
975 3109 1287 3174 explicabitur.
1355 3112 1496 3168 Quod
1523 3111 1595 3167 ille
1619 3111 1816 3176 populus
1841 3110 1885 3157 in
1910 3107 2029 3158 sensu
2054 3105 2404 3233 Verbisssffifasig
