2722 3684
413 146 1483 268 ‘CAPUTDECIMUM
1534 147 2172 268 ocTAvUM.
2258 214 2388 281 107

386 341 574 383 ver-um,
606 339 700 372 non
723 322 784 372 ita
806 338 887 386 per
907 322 1101 380 bonum,
1136 335 1184 371 at
1200 338 1308 371 cum
1326 323 1526 370 influxus
1550 322 1685 370 fimul
1718 322 1943 370 mediatus
1977 326 2056 379 est,
2095 340 2202 374 tunc
2226 330 2373 391 perci-

388 394 520 457 pitur
537 393 729 446 bonum,
766 406 873 437 nam
898 389 1096 437 influxus
1122 391 1344 438 mediatus
1368 389 1432 438 est
1456 389 1502 436 in
1530 388 1724 436 sensuale
1757 401 1994 436 externum
2021 391 2231 449 hominis,
2269 395 2376 442 inde

388 458 455 504 est
478 456 605 520 quod
626 456 768 503 homo
793 469 901 510 tunc
920 471 1000 519 per
1024 457 1199 504 bonum
1223 456 1415 504 ducatur
1430 472 1456 502 a
1475 456 1700 504 Domino.
1771 455 1824 502 In
1849 470 2013 518 genere
2034 457 2259 508 sciendum
2291 462 2372 515 est,

386 524 515 586 quod
535 522 680 569 homo
703 539 792 570 non
815 522 944 587 prius
969 535 1255 583 regeneratus
1279 522 1350 579 fit,
1386 538 1529 587 quam
1563 537 1670 569 cum
1695 523 1732 568 is
1765 537 1822 568 ex
1861 521 2102 569 affefiione
2129 525 2236 571 boni
2261 529 2372 588 agit,

385 602 494 635 nam
519 599 626 635 tunc
664 590 766 636 vult
789 589 982 644 bonum,
1017 590 1067 636 &
1089 588 1131 636 ei
1157 587 1414 650 jucundum
1439 589 1489 636 δε
1515 590 1700 636 beatum
1722 587 1786 636 est
1819 586 1961 636 facere
1988 587 2092 636 illud
2116 611 2132 645 ·‚
2181 606 2287 638 curn
2323 594 2370 639 in

382 651 474 700 hoc
493 653 607 701 statu
629 653 711 711 est,
749 669 858 703 tunc
880 654 975 701 vita
999 653 1094 716 ejus
1117 655 1180 701 est
1199 656 1293 702 vita
1314 654 1440 711 boni,
1476 656 1527 702 δε
1551 655 1597 700 in
1615 655 1743 701 coelo
1758 654 1843 711 est,
1879 670 1985 702 nam
2001 656 2245 705 universale
2269 674 2370 720 reg-

381 735 494 767 nans
518 719 562 767 in
585 721 708 768 coelo
728 720 793 767 est
818 722 989 768 bonurn
1012 739 1028 775 ς
1064 736 1221 769 verum
1242 735 1396 770 autem
1420 721 1548 785 quod
1567 719 1674 768 fidei
1693 720 1821 767 ducit
1839 720 2079 770 hominem
2097 724 2152 770 ad
2173 724 2367 781 bonum,

380 780 446 833 ita
465 785 521 832 ad
537 786 731 844 coelum,
768 802 861 834 non
883 799 1039 834 autem
1070 787 1177 834 fistit
1202 788 1334 835 illum
1357 788 1405 833 in
1440 786 1591 834 coelo:
1643 786 1770 850 quod
1795 787 1857 832 ita
1880 786 1948 842 fit,
1985 787 2046 833 est
2071 790 2220 846 causa,
2256 793 2367 854 quia

381 851 431 899 in
456 852 591 898 altera
607 853 700 899 vita
722 868 884 901 omnes
906 852 1220 901 consociantur
1239 853 1489 900 secundum
1525 853 1668 899 vitam
1695 851 1961 908 voluntati3‚
1998 868 2089 899 non
2115 854 2363 905 secundum

379 917 523 966 vitam
549 917 821 976 intelle&us‚
858 933 964 965 narn
984 918 1062 965 ubi
1079 918 1143 965 est
1160 918 1449 974 voluntaslibi
1467 917 1534 965 est
1551 918 1817 973 intellectus,
1851 932 1941 964 non
1960 932 2114 968 autem
2139 923 2327 971 viciffim
2348 943 2365 978 ε

379 983 446 1031 ita
468 984 515 1031 in
539 984 679 1041 coelo,
714 984 845 1031 &ita
869 984 916 1030 in
942 984 1152 1038 infern0;
1187 983 1402 1048 qui-mali
1420 983 1539 1040 sunt,
1574 999 1666 1030 non
1692 984 1815 1047 prius
1837 983 1883 1030 in
1919 982 2146 1034 infernum
2172 990 2363 1037 mittun·

379 1060 455 1098 tur
475 1065 616 1114 quam
640 1065 749 1098 cum
775 1049 822 1097 in
851 1050 977 1097 malo
1000 1050 1094 1098 suae
1125 1051 1235 1099 vitae
1269 1050 1390 1106 sunt,
1425 1066 1529 1099 nam
1553 1065 1658 1098 cum
1683 1050 1729 1096 in
1754 1049 1841 1097 hoc
1866 1049 1984 1108 sunt,
2021 1052 2158 1099 etiam
2181 1054 2226 1100 in
2251 1054 2361 1102 falso

377 1114 446 1163 sui
480 1116 588 1165 mali
620 1115 756 1171 sunt3
791 1116 994 1164 similiter
1017 1117 1080 1164 illi
1106 1117 1187 1181 qui
1221 1118 1267 1164 in
1303 1117 1426 1165 bono
1449 1117 1584 1179 sunt‚}
1617 1115 1755 1164 etiam
1797 1115 1859 1163 ibi
1897 1115 1941 1162 in
1983 1133 2096 1166 vero
2143 1119 2207 1167 sui
2253 1121 2363 1170 boni

377 1181 481 1230 sunt
503 1203 517 1236 ;
564 1182 834 1246 rediguntur
855 1197 1013 1230 omnes
1036 1184 1082 1230 in
1106 1185 1246 1231 altera
1271 1184 1364 1230 vita
1388 1183 1444 1229 ad
1479 1199 1587 1231 eum
1607 1183 1797 1239 statum,
1834 1195 1886 1229 ut
1911 1182 2004 1230 inis
2027 1200 2114 1231 una
2138 1202 2267 1233 mens
2289 1189 2360 1244 sit,

375 1263 546 1310 nempe
568 1249 697 1313 quod
722 1248 877 1298 volunt
900 1262 952 1299 ut
973 1251 1110 1298 etiam
1136 1251 1359 1312 cogitent,
1394 1265 1485 1296 non
1511 1261 1665 1298 autem
1686 1248 1813 1312 quod
1831 1247 1993 1297 volunt
2016 1263 2067 1298 ut
2089 1251 2216 1300 aliter
2233 1256 2361 1317 cogi-

374 1326 509 1368 tent;
545 1314 591 1361 in
627 1314 806 1362 mundo
828 1327 980 1363 autem
1004 1315 1133 1363 aliter
1156 1317 1198 1362 se
1223 1316 1374 1370 habet,
1419 1314 1484 1362 ibi
1515 1314 1665 1378 potest
1690 1315 1835 1365 homo
1857 1315 1985 1362 aliter
2007 1317 2226 1380 cogitare,
2261 1319 2359 1368 irno

373 1381 515 1428 etiam
541 1380 668 1427 aliter
689 1380 959 1444 intelligere,
995 1396 1131 1444 quarn
1168 1381 1290 1438 vult,
1324 1380 1396 1427 sed
1436 1380 1526 1428 hoc
1561 1382 1624 1429 ob
1662 1381 1918 1438 causam-ut
1941 1381 2175 1431 reformari
2205 1389 2354 1448 possit,

373 1461 543 1509 nempe
567 1446 821 1510 intelligere
844 1450 1019 1494 bonurn
1045 1447 1219 1496 tametsi
1243 1446 1343 1495 vult
1366 1446 1558 1503 malum,
1591 1447 1643 1494 δε
1666 1448 1725 1494 fic
1750 1463 1830 1509 per
1854 1447 2137 1499 intelleCkum
2163 1450 2270 1499 duci
2295 1455 2356 1501 ad

375 1512 489 1560 velle
509 1513 679 1560 bonum
703 1533 717 1566 3
752 1525 798 1559 at
816 1511 860 1560 in
877 1509 1331 1578 alteravitaquisque
1347 1512 1596 1574 secundum
1619 1513 1739 1560 velle
1762 1513 1913 1570 suum,
1950 1516 2078 1578 quod
2105 1515 2151 1564 in
2177 1520 2354 1567 mundo

371 1577 688 1640 comparatum
713 1578 795 1635 est,
829 1579 1028 1628 ducitur.
1900 1590 1909 1594 ’

426 1647 583 1707 8702.
626 1646 770 1693 Nunc
792 1645 897 1693 audi
922 1662 1083 1695 vocem
1125 1662 1295 1704 meam,
1331 1646 1461 1712 quod
1506 1646 1728 1709 fignificet
1761 1663 1820 1696 ex
1858 1651 2028 1698 unione
2065 1651 2352 1710 consensum,

368 1710 543 1758 constat
565 1727 623 1769 ex
647 1712 973 1774 significatione
996 1713 1151 1762 audire
1178 1729 1358 1771 vocem,
1393 1714 1518 1779 quod
1552 1714 1604 1761 fit
1637 1713 1914 1772 obedientia,
1952 1716 2026 1762 hic
2058 1730 2212 1768 autem
2244 1733 2352 1766 con-

366 1775 530 1834 sensuS,
568 1779 677 1842 quia
698 1778 863 1827 dicitur
885 1793 910 1826 a
934 1780 1176 1842 Jethrone,
1211 1795 1294 1844 per
1327 1795 1472 1845 quern
1507 1779 1856 1844 repraesentatur
1895 1782 2123 1831 Divinum
2164 1784 2350 1833 Bonum

365 1842 548 1890 unitum
576 1845 752 1892 Divino
773 1845 917 1902 Vere,
951 1846 1075 1909 quod
1118 1846 1461 1910 repraesentatur
1498 1862 1583 1910 per
1618 1845 1883 1905 Moschen;
1934 1849 2063 1912 quod
2099 1851 2222 1901 unita
2245 1852 2350 1908 sint,

365 1908 573 1957 videatur
598 1910 728 1976 supra
749 1928 780 1959 n
801 1929 812 1959 :
839 1912 1001 1968 8666;
1037 1912 1143 1961 inde
1162 1928 1245 1977 per
1265 1914 1374 1961 audi
1398 1929 1561 1961 vocem
1586 1927 1758 1970 meam,
1797 1914 2076 1976 fignificatur
2097 1931 2156 1964 ex
2178 1917 2349 1965 unione

363 1975 616 2026 consensus,
685 1977 936 2026 Sciendum
957 1994 1065 2026 curn
1084 1979 1260 2027 bonum
1283 1980 1334 2028 δε
1358 1995 1521 2028 verum
1538 1978 1782 2042 conjuncta
1807 1979 1926 2038 sunt,
1961 1981 2196 2031 consensus
2220 1982 2274 2031 fit
2299 1984 2346 2032 in

363 2042 582 2090 omnibus
598 2044 648 2091 ὅτ.
663 2044 865 2106 finguliS‚
901 2060 1069 2109 nempe
1086 2045 1326 2094 bonicum
1342 2060 1451 2093 vero
1473 2047 1525 2094 &
1547 2047 1642 2093 veri
1662 2060 1773 2094 curn
1797 2048 1918 2096 bono
1938 2067 1954 2102 ς
1988 2048 2116 2095 causa
2133 2049 2213 2106 est,
2237 2051 2348 2114 quia

363 2105 540 2156 bonum
564 2109 629 2156 est
652 2111 768 2169 veri,
821 2111 873 2159 &
896 2127 1055 2160 verum
1090 2111 1217 2169 boni,
1250 2128 1301 2160 ac
1325 2112 1384 2160 ita
1408 2112 1505 2160 duo
1520 2111 1599 2170 ilhla
1622 2113 1726 2160 sunt
1747 2129 1895 2174 unum
1916 2133 1934 2168 3
1970 2129 2077 2162 narn
2101 2115 2228 2179 quod
2263 2119 2348 2164 bo·

362 2188 482 2221 num
507 2175 626 2232 vult,
662 2175 757 2224 hoe
772 2177 1016 2226 confirmat
1040 2193 1217 2236 verum,
1252 2180 1304 2228 δε
1324 2179 1454 2244 quod
1478 2193 1639 2226 verum
1674 2191 1726 2227 ut
1758 2195 1921 2228 verum
1940 2181 2136 2244 percipit
2154 2182 2242 2230 hoc
2264 2182 2346 2232 bo-

359 2254 472 2289 num
491 2241 612 2300 vult,
646 2257 699 2290 ac
719 2255 971 2309 utrumque
993 2243 1128 2292 simul
1149 2244 1292 2300 facit3
1326 2261 1433 2295 cum
1466 2245 1539 2293 his
1569 2244 1613 2294 se
1625 2245 1838 2302 similiter
1861 2246 2000 2294 habet
2033 2260 2087 2295 ut
2127 2263 2235 2296 cum
2259 2265 2344 2296 vo·

359 2303 532 2355 luntate
554 2309 606 2357 &
627 2309 863 2358 intellectu
880 2310 1008 2375 quod
1026 2312 1235 2361 voluntas
1251 2311 1351 2360 vult
1365 2312 1417 2359 &
1433 2324 1572 2369 amat,
1606 2310 1696 2360 hoc
1711 2310 1967 2361 intellectus
1984 2315 2156 2378 cogitat
2168 2316 2220 2364 ὅτ
2234 2331 2345 2365 con-

358 2371 530 2431 firmat,
564 2390 616 2422 ac
637 2375 740 2425 vice
761 2376 899 2433 versa,
932 2377 1060 2439 quod
1083 2379 1183 2427 haec
1204 2378 1419 2427 cumillis
1442 2378 1605 2427 similia
1626 2378 1729 2436 sint,
1763 2379 1828 2428 est
1848 2381 1957 2444 quia
1981 2381 2154 2429 bonurn
2172 2381 2234 2429 est
2251 2397 2338 2429 vo·

359 2436 561 2497 luntatis,
595 2442 646 2490 ὅτ,
667 2458 830 2490 verum
854 2443 917 2492 est
942 2443 1223 2493 intellectus:
1259 2445 1306 2492 in
1329 2445 1407 2493 tali
1429 2444 1546 2493 statu
1563 2445 1679 2503 sunt,
1718 2445 1797 2509 qui
1820 2461 1901 2510 per
1918 2446 2095 2494 bonum
2117 2463 2143 2494 a
2169 2449 2341 2495 Domi-

360 2518 423 2551 no
446 2504 687 2565 ducuntur,
722 2509 781 2556 de
801 2524 900 2572 quo
922 2526 1036 2559 mox
1057 2510 1194 2574 -supra
1216 2527 1244 2557 n
1266 2528 1278 2557 ε
1305 2514 1450 2573 8701,
2312 2521 2333 2525 ’

428 2573 574 2634 8703.
612 2573 856 2624 Consulam
875 2577 976 2633 tibi,
1014 2577 1066 2624 δε
1088 2578 1174 2624 erit
1201 2577 1327 2624 Deus
1349 2589 1520 2634 tecum,
1553 2578 1683 2639 quod
1709 2576 1933 2641 fignificet
1961 2578 2086 2643 quod
2115 2593 2174 2627 ex
2198 2579 2338 2629 Divi-

357 2650 437 2692 n0‚
473 2637 644 2686 constat
677 2655 736 2688 ex
773 2642 1101 2703 significatione
1124 2642 1341 2699 cosulere,
1375 2659 1485 2692 cum
1504 2659 1529 2692 a
1554 2644 1732 2693 Divino
1754 2645 1901 2700 Bono,
1936 2646 2063 2709 quod
2097 2648 2338 2709 repraesen-

357 2713 475 2750 tatur
498 2719 579 2766 per
601 2705 893 2768 Jethronern,
928 2709 1056 2773 quod
1081 2708 1134 2756 fit
1158 2708 1360 2758 decisum
1383 2726 1407 2757 a
1432 2709 1632 2767 Divino,
1670 2711 1731 2759 ita
1753 2726 1812 2758 ex
1828 2711 2006 2760 Divino
2026 2732 2040 2765 ;
2076 2713 2126 2760 δι
2147 2729 2172 2760 a
2196 2714 2332 2774 figni-

355 2769 568 2816 ficatione
591 2771 676 2818 erit
693 2773 819 2820 Deus
834 2781 1002 2830 tecum,
1037 2775 1166 2840 quod
1190 2777 1330 2825 etiarn
1350 2778 1406 2826 fit
1427 2791 1486 2824 ex
1508 2776 1689 2824 Divino
1712 2798 1727 2833 3
1760 2777 1836 2825 sed
1859 2792 1910 2825 ex
1925 2778 2093 2826 Divino
2110 2778 2231 2843 quod
2252 2795 2334 2842 per

356 2834 583 2883 consulere
619 2837 909 2899 significatur,
947 2840 1118 2902 spectat
1138 2842 1367 2890 Divinum
1386 2843 1587 2900 Bonum,
1625 2843 1753 2907 quod
1779 2844 2124 2905 repraesentatur
2147 2861 2229 2909 per
2252 2847 2334 2907 Je-

356 2901 608 2957 thronern;
641 2919 694 2952 ex
716 2906 881 2952 Divino
917 2918 1070 2953 autem
1109 2909 1238 2968 quod
1280 2923 1360 2971 per
1393 2909 1478 2955 erit
1501 2909 1628 2956 Deus
1652 2922 1801 2957 tecum
1826 2909 2122 2971 significatur,
2158 2912 2332 2974 spefmt

354 2965 583 3016 Divinum
609 2970 787 3018 Verum
810 2970 938 3035 quod
962 2972 1304 3036 repraesentatur
1327 2989 1408 3036 per
1429 2974 1666 3022 Moschen.

424 3036 572 3098 8704.
608 3034 722 3084 Esto
755 3050 805 3083 tu
838 3039 1018 3101 populo
1049 3037 1171 3101 apud
1211 3040 1388 3097 Deum,
1422 3039 1549 3101 quod
1573 3039 1794 3101 fignificet
1823 3056 1981 3088 verum
2014 3041 2279 3090 immediate
2294 3059 2329 3090 a

354 3095 570 3148 Domino
594 3103 852 3164 procedenS‚
888 3103 1063 3151 constat
1097 3119 1156 3151 ex
1189 3105 1519 3167 significatione
1552 3106 1640 3153 effe
1665 3106 1841 3170 populo
1863 3108 1986 3170 apud
2009 3108 2184 3165 Deum,
2219 3125 2328 3156 cum

350 3163 520 3214 dicitur
537 3167 601 3215 de
620 3169 804 3224 Diuino
826 3171 967 3230 Vere,
1000 3170 1128 3236 quod
1147 3186 1234 3236 per
1256 3171 1480 3285 Moghen
1495 3171 1854 3238 repraesentatur,
1890 3173 2016 3237 quod
2041 3174 2095 3224 fit
2117 3176 2331 3286 proxim&

1428 3252 1454 3285 2
2204 3256 2290 3304 apu
