<?xml version="1.0" encoding="UTF-8"?>
<!DOCTYPE html PUBLIC "-//W3C//DTD XHTML 1.0 Transitional//EN"
    "http://www.w3.org/TR/xhtml1/DTD/xhtml1-transitional.dtd">
<html xmlns="http://www.w3.org/1999/xhtml" xml:lang="en" lang="en">
 <head>
  <title>
</title>
<meta http-equiv="Content-Type" content="text/html;charset=utf-8" />
  <meta name='ocr-system' content='tesseract 3.04.00' />
  <meta name='ocr-capabilities' content='ocr_page ocr_carea ocr_par ocr_line ocrx_word'/>
</head>
<body>
  <div class='ocr_page' id='page_1' title='image "arcanacaelestiaq07sweduoft_0360.png"; bbox 0 0 2722 3684; ppageno 0'>
   <div class='ocr_carea' id='block_1_1' title="bbox 347 171 2370 3236">
    <p class='ocr_par' dir='ltr' id='par_1_1' title="bbox 347 171 2370 3236">
     <span class='ocr_line' id='line_1_1' title="bbox 351 171 1898 262; baseline -0.011 0"><span class='ocrx_word' id='word_1_1' title='bbox 351 198 484 262; x_wconf 80' lang='lat'>354</span> <span class='ocrx_word' id='word_1_2' title='bbox 770 171 861 258; x_wconf 75' lang='lat' dir='ltr'>E·</span> <span class='ocrx_word' id='word_1_3' title='bbox 996 177 1076 243; x_wconf 82' lang='lat' dir='ltr'><em>X</em></span> <span class='ocrx_word' id='word_1_4' title='bbox 1211 179 1264 243; x_wconf 89' lang='lat'><em>0</em></span> <span class='ocrx_word' id='word_1_5' title='bbox 1409 181 1482 244; x_wconf 80' lang='lat' dir='ltr'><em>D</em></span> <span class='ocrx_word' id='word_1_6' title='bbox 1624 179 1697 244; x_wconf 87' lang='lat' dir='ltr'><strong><em>U</em></strong></span> <span class='ocrx_word' id='word_1_7' title='bbox 1780 180 1898 246; x_wconf 49' lang='grc' dir='ltr'>«ς’,</span> 
     </span>
     <span class='ocr_line' id='line_1_2' title="bbox 347 294 2351 361; baseline 0.001 -14"><span class='ocrx_word' id='word_1_8' title='bbox 347 313 403 347; x_wconf 86' lang='lat' dir='ltr'>ex</span> <span class='ocrx_word' id='word_1_9' title='bbox 421 297 562 346; x_wconf 89' lang='lat' dir='ltr'>libero</span> <span class='ocrx_word' id='word_1_10' title='bbox 592 297 764 347; x_wconf 88' lang='lat' dir='ltr'>bonum</span> <span class='ocrx_word' id='word_1_11' title='bbox 788 296 923 361; x_wconf 59' lang='lat' dir='ltr'>agat,q</span> <span class='ocrx_word' id='word_1_12' title='bbox 956 294 1063 360; x_wconf 84' lang='lat' dir='ltr'>quia</span> <span class='ocrx_word' id='word_1_13' title='bbox 1087 314 1143 347; x_wconf 84' lang='lat' dir='ltr'>ex</span> <span class='ocrx_word' id='word_1_14' title='bbox 1174 298 1401 353; x_wconf 86' lang='lat' dir='ltr'>Domino,</span> <span class='ocrx_word' id='word_1_15' title='bbox 1438 295 1585 345; x_wconf 85' lang='lat' dir='ltr'>lumbi</span> <span class='ocrx_word' id='word_1_16' title='bbox 1615 297 1736 344; x_wconf 87' lang='lat' dir='ltr'>enim</span> <span class='ocrx_word' id='word_1_17' title='bbox 1764 297 1864 347; x_wconf 86' lang='lat' dir='ltr'>sunt</span> <span class='ocrx_word' id='word_1_18' title='bbox 1899 299 2017 347; x_wconf 85' lang='lat' dir='ltr'>bona</span> <span class='ocrx_word' id='word_1_19' title='bbox 2063 300 2247 360; x_wconf 84' lang='lat' dir='ltr'>amoris,</span> <span class='ocrx_word' id='word_1_20' title='bbox 2284 299 2351 353; x_wconf 31' lang='lat' dir='ltr'>ns:</span> 
     </span>
     <span class='ocr_line' id='line_1_3' title="bbox 356 362 2348 428; baseline 0.003 -18"><span class='ocrx_word' id='word_1_21' title='bbox 356 377 499 426; x_wconf 81' lang='lat'>3021.</span> <span class='ocrx_word' id='word_1_22' title='bbox 528 378 672 428; x_wconf 84' lang='lat'><strong>3²94·</strong></span> <span class='ocrx_word' id='word_1_23' title='bbox 707 368 854 424; x_wconf 87' lang='lat'><em>4280.</em></span> <span class='ocrx_word' id='word_1_24' title='bbox 891 378 1036 424; x_wconf 85' lang='lat'><em>4575.</em></span> <span class='ocrx_word' id='word_1_25' title='bbox 1078 364 1285 425; x_wconf 41' lang='lat' dir='ltr'>50501ad</span> <span class='ocrx_word' id='word_1_26' title='bbox 1312 362 1458 424; x_wconf 64' lang='lat'>5662,</span> <span class='ocrx_word' id='word_1_27' title='bbox 1496 362 1600 408; x_wconf 89' lang='lat' dir='ltr'>inde</span> <span class='ocrx_word' id='word_1_28' title='bbox 1623 364 1802 426; x_wconf 80' lang='lat' dir='ltr'>cingere</span> <span class='ocrx_word' id='word_1_29' title='bbox 1826 366 2003 413; x_wconf 84' lang='lat' dir='ltr'>lumbos</span> <span class='ocrx_word' id='word_1_30' title='bbox 2039 366 2102 414; x_wconf 87' lang='lat' dir='ltr'>est</span> <span class='ocrx_word' id='word_1_31' title='bbox 2137 367 2348 427; x_wconf 79' lang='lat' dir='ltr'>investire</span> 
     </span>
     <span class='ocr_line' id='line_1_4' title="bbox 357 428 2344 494; baseline 0.003 -19"><span class='ocrx_word' id='word_1_32' title='bbox 357 430 532 493; x_wconf 83' lang='lat' dir='ltr'>bonurn</span> <span class='ocrx_word' id='word_1_33' title='bbox 557 429 702 486; x_wconf 50' lang='lat' dir='ltr'>ve‚ris;</span> <span class='ocrx_word' id='word_1_34' title='bbox 736 428 965 477; x_wconf 88' lang='lat' dir='ltr'>ambulare</span> <span class='ocrx_word' id='word_1_35' title='bbox 989 429 1051 474; x_wconf 90' lang='lat' dir='ltr'>est</span> <span class='ocrx_word' id='word_1_36' title='bbox 1078 431 1245 484; x_wconf 85' lang='lat' dir='ltr'>vivere,</span> <span class='ocrx_word' id='word_1_37' title='bbox 1284 445 1309 474; x_wconf 91' lang='lat' dir='ltr'>n</span> <span class='ocrx_word' id='word_1_38' title='bbox 1333 446 1342 474; x_wconf 93' lang='lat'><strong>:</strong></span> <span class='ocrx_word' id='word_1_39' title='bbox 1372 445 1481 492; x_wconf 88' lang='lat'>519.</span> <span class='ocrx_word' id='word_1_40' title='bbox 1505 430 1648 490; x_wconf 87' lang='lat'><strong>8794.</strong></span> <span class='ocrx_word' id='word_1_41' title='bbox 1685 445 1824 494; x_wconf 85' lang='lat'>1417.</span> <span class='ocrx_word' id='word_1_42' title='bbox 1861 434 2009 489; x_wconf 86' lang='lat'>8420,</span> <span class='ocrx_word' id='word_1_43' title='bbox 2050 432 2159 479; x_wconf 90' lang='lat' dir='ltr'>inde</span> <span class='ocrx_word' id='word_1_44' title='bbox 2183 434 2344 494; x_wconf 83' lang='lat' dir='ltr'>ambu-</span> 
     </span>
     <span class='ocr_line' id='line_1_5' title="bbox 356 493 2348 560; baseline 0.002 -17"><span class='ocrx_word' id='word_1_45' title='bbox 356 496 447 543; x_wconf 86' lang='lat' dir='ltr'>lare</span> <span class='ocrx_word' id='word_1_46' title='bbox 472 510 567 560; x_wconf 91' lang='lat' dir='ltr'>quo</span> <span class='ocrx_word' id='word_1_47' title='bbox 590 496 706 552; x_wconf 85' lang='lat' dir='ltr'>vult,</span> <span class='ocrx_word' id='word_1_48' title='bbox 743 495 807 542; x_wconf 92' lang='lat' dir='ltr'>est</span> <span class='ocrx_word' id='word_1_49' title='bbox 830 494 980 539; x_wconf 87' lang='lat' dir='ltr'>vivere</span> <span class='ocrx_word' id='word_1_50' title='bbox 1007 493 1051 539; x_wconf 90' lang='lat' dir='ltr'>in</span> <span class='ocrx_word' id='word_1_51' title='bbox 1079 494 1248 548; x_wconf 88' lang='lat' dir='ltr'>libero·‚</span> <span class='ocrx_word' id='word_1_52' title='bbox 1284 493 1349 540; x_wconf 88' lang='lat' dir='ltr'>illi</span> <span class='ocrx_word' id='word_1_53' title='bbox 1385 495 1510 540; x_wconf 87' lang='lat' dir='ltr'>enim</span> <span class='ocrx_word' id='word_1_54' title='bbox 1547 493 1589 539; x_wconf 88' lang='lat' dir='ltr'>in</span> <span class='ocrx_word' id='word_1_55' title='bbox 1626 494 1768 542; x_wconf 84' lang='lat' dir='ltr'>libero</span> <span class='ocrx_word' id='word_1_56' title='bbox 1801 496 1977 552; x_wconf 91' lang='lat' dir='ltr'>vivunt,</span> <span class='ocrx_word' id='word_1_57' title='bbox 2022 497 2095 544; x_wconf 90' lang='lat' dir='ltr'>seu</span> <span class='ocrx_word' id='word_1_58' title='bbox 2116 514 2172 545; x_wconf 87' lang='lat' dir='ltr'>ex</span> <span class='ocrx_word' id='word_1_59' title='bbox 2197 496 2348 546; x_wconf 82' lang='lat' dir='ltr'>libero</span> 
     </span>
     <span class='ocr_line' id='line_1_6' title="bbox 358 559 2344 626; baseline 0.002 -18"><span class='ocrx_word' id='word_1_60' title='bbox 358 574 516 623; x_wconf 86' lang='lat' dir='ltr'>agunt,</span> <span class='ocrx_word' id='word_1_61' title='bbox 552 563 629 624; x_wconf 91' lang='lat' dir='ltr'>qui</span> <span class='ocrx_word' id='word_1_62' title='bbox 657 561 701 607; x_wconf 92' lang='lat' dir='ltr'>in</span> <span class='ocrx_word' id='word_1_63' title='bbox 736 560 825 607; x_wconf 82' lang='lat' dir='ltr'>fide</span> <span class='ocrx_word' id='word_1_64' title='bbox 847 559 946 605; x_wconf 82' lang='lat' dir='ltr'>sun-t</span> <span class='ocrx_word' id='word_1_65' title='bbox 968 572 1023 606; x_wconf 81' lang='lat' dir='ltr'>ex</span> <span class='ocrx_word' id='word_1_66' title='bbox 1049 573 1199 605; x_wconf 88' lang='lat' dir='ltr'>amore</span> <span class='ocrx_word' id='word_1_67' title='bbox 1223 561 1268 606; x_wconf 87' lang='lat' dir='ltr'>in</span> <span class='ocrx_word' id='word_1_68' title='bbox 1306 560 1564 606; x_wconf 85' lang='lat' dir='ltr'>Dominum</span> <span class='ocrx_word' id='word_1_69' title='bbox 1590 575 1640 607; x_wconf 87' lang='lat' dir='ltr'>ac</span> <span class='ocrx_word' id='word_1_70' title='bbox 1669 560 1882 608; x_wconf 84' lang='lat' dir='ltr'>charitate</span> <span class='ocrx_word' id='word_1_71' title='bbox 1903 559 2031 623; x_wconf 79' lang='lat' dir='ltr'>erga</span> <span class='ocrx_word' id='word_1_72' title='bbox 2051 564 2344 626; x_wconf 72' lang='lat' dir='ltr'>proximum,</span> 
     </span>
     <span class='ocr_line' id='line_1_7' title="bbox 357 624 2340 693; baseline 0 -18"><span class='ocrx_word' id='word_1_73' title='bbox 357 643 465 675; x_wconf 84' lang='lat' dir='ltr'>nam</span> <span class='ocrx_word' id='word_1_74' title='bbox 484 626 594 674; x_wconf 77' lang='lat' dir='ltr'>illia</span> <span class='ocrx_word' id='word_1_75' title='bbox 621 626 831 674; x_wconf 87' lang='lat' dir='ltr'>Domino</span> <span class='ocrx_word' id='word_1_76' title='bbox 854 624 1094 680; x_wconf 84' lang='lat' dir='ltr'>ducuntur,</span> <span class='ocrx_word' id='word_1_77' title='bbox 1144 640 1202 671; x_wconf 83' lang='lat' dir='ltr'>n:</span> <span class='ocrx_word' id='word_1_78' title='bbox 1239 628 1347 688; x_wconf 80' lang='lat'><strong>892.</strong></span> <span class='ocrx_word' id='word_1_79' title='bbox 1387 639 1501 687; x_wconf 86' lang='lat'>905.</span> <span class='ocrx_word' id='word_1_80' title='bbox 1543 627 1672 688; x_wconf 85' lang='lat'><em>2870</em></span> <span class='ocrx_word' id='word_1_81' title='bbox 1710 626 1766 672; x_wconf 90' lang='lat' dir='ltr'>ad</span> <span class='ocrx_word' id='word_1_82' title='bbox 1809 631 1952 690; x_wconf 82' lang='lat'>2893.</span> <span class='ocrx_word' id='word_1_83' title='bbox 1989 628 2140 689; x_wconf 81' lang='lat'><em>6325.</em></span> <span class='ocrx_word' id='word_1_84' title='bbox 2177 631 2340 693; x_wconf 87' lang='lat'>9096:</span> 
     </span>
     <span class='ocr_line' id='line_1_8' title="bbox 359 688 2347 759; baseline 0.001 -19"><span class='ocrx_word' id='word_1_85' title='bbox 359 708 470 741; x_wconf 88' lang='lat' dir='ltr'>cum</span> <span class='ocrx_word' id='word_1_86' title='bbox 496 691 700 759; x_wconf 65' lang='lat' dir='ltr'>senueriS,</span> <span class='ocrx_word' id='word_1_87' title='bbox 736 688 948 738; x_wconf 82' lang='lat' dir='ltr'>extendes</span> <span class='ocrx_word' id='word_1_88' title='bbox 974 705 1129 736; x_wconf 83' lang='lat' dir='ltr'>manus</span> <span class='ocrx_word' id='word_1_89' title='bbox 1154 701 1268 745; x_wconf 81' lang='lat' dir='ltr'>tuas,</span> <span class='ocrx_word' id='word_1_90' title='bbox 1303 690 1351 737; x_wconf 86' lang='lat'>&amp;</span> <span class='ocrx_word' id='word_1_91' title='bbox 1376 690 1487 736; x_wconf 82' lang='lat' dir='ltr'>alius</span> <span class='ocrx_word' id='word_1_92' title='bbox 1521 691 1726 751; x_wconf 83' lang='lat' dir='ltr'>accinget</span> <span class='ocrx_word' id='word_1_93' title='bbox 1759 692 1938 740; x_wconf 83' lang='lat' dir='ltr'>lumbos</span> <span class='ocrx_word' id='word_1_94' title='bbox 1964 706 2082 748; x_wconf 75' lang='grc' dir='ltr'>ωοε,</span> <span class='ocrx_word' id='word_1_95' title='bbox 2121 696 2169 741; x_wconf 88' lang='lat'>&amp;</span> <span class='ocrx_word' id='word_1_96' title='bbox 2203 695 2347 743; x_wconf 76' lang='lat' dir='ltr'>ducet:</span> 
     </span>
     <span class='ocr_line' id='line_1_9' title="bbox 362 754 2343 822; baseline 0.001 -17"><span class='ocrx_word' id='word_1_97' title='bbox 362 768 458 820; x_wconf 88' lang='lat' dir='ltr'>quo</span> <span class='ocrx_word' id='word_1_98' title='bbox 476 773 565 804; x_wconf 91' lang='lat' dir='ltr'>non</span> <span class='ocrx_word' id='word_1_99' title='bbox 585 756 667 812; x_wconf 79' lang='lat' dir='ltr'>vis,</span> <span class='ocrx_word' id='word_1_100' title='bbox 703 756 926 819; x_wconf 78' lang='lat' dir='ltr'>significat</span> <span class='ocrx_word' id='word_1_101' title='bbox 947 755 1074 816; x_wconf 89' lang='lat' dir='ltr'>quod</span> <span class='ocrx_word' id='word_1_102' title='bbox 1091 755 1200 802; x_wconf 85' lang='lat' dir='ltr'>fides</span> <span class='ocrx_word' id='word_1_103' title='bbox 1229 755 1442 803; x_wconf 82' lang='lat' dir='ltr'>Ecclefiae</span> <span class='ocrx_word' id='word_1_104' title='bbox 1466 755 1511 801; x_wconf 87' lang='lat' dir='ltr'>in</span> <span class='ocrx_word' id='word_1_105' title='bbox 1537 755 1626 803; x_wconf 88' lang='lat' dir='ltr'>fine</span> <span class='ocrx_word' id='word_1_106' title='bbox 1645 757 1721 802; x_wconf 93' lang='lat' dir='ltr'>suo</span> <span class='ocrx_word' id='word_1_107' title='bbox 1745 758 1864 804; x_wconf 89' lang='lat' dir='ltr'>nulla</span> <span class='ocrx_word' id='word_1_108' title='bbox 1882 754 1986 813; x_wconf 62' lang='lat' dir='ltr'>erit,</span> <span class='ocrx_word' id='word_1_109' title='bbox 2024 757 2072 804; x_wconf 76' lang='grc' dir='ltr'>δε</span> <span class='ocrx_word' id='word_1_110' title='bbox 2091 759 2216 822; x_wconf 87' lang='lat' dir='ltr'>quod</span> <span class='ocrx_word' id='word_1_111' title='bbox 2235 773 2343 808; x_wconf 89' lang='lat' dir='ltr'>tunc</span> 
     </span>
     <span class='ocr_line' id='line_1_10' title="bbox 364 820 2343 885; baseline 0 -14"><span class='ocrx_word' id='word_1_112' title='bbox 364 821 470 871; x_wconf 87' lang='lat' dir='ltr'>falsa</span> <span class='ocrx_word' id='word_1_113' title='bbox 494 822 598 870; x_wconf 88' lang='lat' dir='ltr'>mali</span> <span class='ocrx_word' id='word_1_114' title='bbox 620 838 676 870; x_wconf 84' lang='lat' dir='ltr'>ex</span> <span class='ocrx_word' id='word_1_115' title='bbox 700 822 927 868; x_wconf 87' lang='lat' dir='ltr'>amoribus</span> <span class='ocrx_word' id='word_1_116' title='bbox 952 821 1013 867; x_wconf 90' lang='lat' dir='ltr'>sui</span> <span class='ocrx_word' id='word_1_117' title='bbox 1039 821 1088 867; x_wconf 76' lang='grc' dir='ltr'>δε</span> <span class='ocrx_word' id='word_1_118' title='bbox 1126 821 1282 868; x_wconf 86' lang='lat' dir='ltr'>mundi</span> <span class='ocrx_word' id='word_1_119' title='bbox 1317 820 1572 875; x_wconf 86' lang='lat' dir='ltr'>succedent,</span> <span class='ocrx_word' id='word_1_120' title='bbox 1609 836 1657 867; x_wconf 82' lang='lat' dir='ltr'>ac</span> <span class='ocrx_word' id='word_1_121' title='bbox 1682 820 1882 879; x_wconf 83' lang='lat' dir='ltr'>servituti</span> <span class='ocrx_word' id='word_1_122' title='bbox 1909 821 2155 885; x_wconf 84' lang='lat' dir='ltr'>subjicient.</span> <span class='ocrx_word' id='word_1_123' title='bbox 2229 825 2343 874; x_wconf 87' lang='lat' dir='ltr'>Hoc</span> 
     </span>
     <span class='ocr_line' id='line_1_11' title="bbox 364 885 2346 951; baseline 0.001 -15"><span class='ocrx_word' id='word_1_124' title='bbox 364 903 574 936; x_wconf 84' lang='lat' dir='ltr'>arcanum</span> <span class='ocrx_word' id='word_1_125' title='bbox 593 887 673 944; x_wconf 82' lang='lat' dir='ltr'>est,</span> <span class='ocrx_word' id='word_1_126' title='bbox 708 887 832 951; x_wconf 84' lang='lat' dir='ltr'>quod</span> <span class='ocrx_word' id='word_1_127' title='bbox 857 886 900 932; x_wconf 90' lang='lat' dir='ltr'>in</span> <span class='ocrx_word' id='word_1_128' title='bbox 927 886 994 932; x_wconf 87' lang='lat' dir='ltr'>his</span> <span class='ocrx_word' id='word_1_129' title='bbox 1022 886 1215 933; x_wconf 81' lang='lat' dir='ltr'>Domini</span> <span class='ocrx_word' id='word_1_130' title='bbox 1242 886 1390 946; x_wconf 81' lang='lat' dir='ltr'>verbis</span> <span class='ocrx_word' id='word_1_131' title='bbox 1413 885 1536 941; x_wconf 89' lang='lat' dir='ltr'>latet,</span> <span class='ocrx_word' id='word_1_132' title='bbox 1572 886 1698 949; x_wconf 89' lang='lat' dir='ltr'>quod</span> <span class='ocrx_word' id='word_1_133' title='bbox 1719 886 1864 934; x_wconf 86' lang='lat' dir='ltr'>solum</span> <span class='ocrx_word' id='word_1_134' title='bbox 1885 902 1941 933; x_wconf 85' lang='lat' dir='ltr'>ex</span> <span class='ocrx_word' id='word_1_135' title='bbox 1964 887 2083 934; x_wconf 87' lang='lat' dir='ltr'>sensu</span> <span class='ocrx_word' id='word_1_136' title='bbox 2102 903 2260 937; x_wconf 88' lang='lat' dir='ltr'>eorum</span> <span class='ocrx_word' id='word_1_137' title='bbox 2279 890 2346 937; x_wconf 48' lang='lat' dir='ltr'>in*</span> 
     </span>
     <span class='ocr_line' id='line_1_12' title="bbox 364 951 2362 1017; baseline 0 -15"><span class='ocrx_word' id='word_1_138' title='bbox 364 967 495 1003; x_wconf 90' lang='lat' dir='ltr'>terno</span> <span class='ocrx_word' id='word_1_139' title='bbox 517 954 662 1001; x_wconf 85' lang='lat' dir='ltr'>videri</span> <span class='ocrx_word' id='word_1_140' title='bbox 695 952 854 1017; x_wconf 86' lang='lat' dir='ltr'>potest.</span> <span class='ocrx_word' id='word_1_141' title='bbox 931 951 1040 998; x_wconf 85' lang='lat' dir='ltr'>Inde</span> <span class='ocrx_word' id='word_1_142' title='bbox 1078 951 1241 999; x_wconf 88' lang='lat' dir='ltr'>iterum</span> <span class='ocrx_word' id='word_1_143' title='bbox 1283 963 1423 1014; x_wconf 88' lang='lat' dir='ltr'>patet,</span> <span class='ocrx_word' id='word_1_144' title='bbox 1459 954 1702 1016; x_wconf 87' lang='lat' dir='ltr'>quomodo</span> <span class='ocrx_word' id='word_1_145' title='bbox 1740 952 1976 1000; x_wconf 87' lang='lat' dir='ltr'>Dominus</span> <span class='ocrx_word' id='word_1_146' title='bbox 2013 953 2226 1016; x_wconf 86' lang='lat' dir='ltr'>loquutus</span> <span class='ocrx_word' id='word_1_147' title='bbox 2261 954 2362 1012; x_wconf 66' lang='lat' dir='ltr'>est„</span> 
     </span>
     <span class='ocr_line' id='line_1_13' title="bbox 365 1016 2347 1086; baseline 0 -19"><span class='ocrx_word' id='word_1_148' title='bbox 365 1020 493 1086; x_wconf 89' lang='lat' dir='ltr'>quod</span> <span class='ocrx_word' id='word_1_149' title='bbox 519 1034 684 1082; x_wconf 83' lang='lat' dir='ltr'>nem-pe</span> <span class='ocrx_word' id='word_1_150' title='bbox 721 1031 770 1066; x_wconf 89' lang='lat' dir='ltr'>ut</span> <span class='ocrx_word' id='word_1_151' title='bbox 801 1018 982 1078; x_wconf 77' lang='lat' dir='ltr'>singulis</span> <span class='ocrx_word' id='word_1_152' title='bbox 1021 1017 1174 1076; x_wconf 80' lang='lat' dir='ltr'>inesset</span> <span class='ocrx_word' id='word_1_153' title='bbox 1205 1016 1346 1065; x_wconf 89' lang='lat' dir='ltr'>sensus</span> <span class='ocrx_word' id='word_1_154' title='bbox 1380 1018 1613 1070; x_wconf 89' lang='lat' dir='ltr'>internus·,</span> <span class='ocrx_word' id='word_1_155' title='bbox 1650 1017 1711 1063; x_wconf 92' lang='lat' dir='ltr'>ob</span> <span class='ocrx_word' id='word_1_156' title='bbox 1746 1018 1904 1073; x_wconf 87' lang='lat' dir='ltr'>finem,</span> <span class='ocrx_word' id='word_1_157' title='bbox 1941 1029 1992 1064; x_wconf 90' lang='lat' dir='ltr'>ut</span> <span class='ocrx_word' id='word_1_158' title='bbox 2027 1019 2200 1066; x_wconf 87' lang='lat' dir='ltr'>coelum</span> <span class='ocrx_word' id='word_1_159' title='bbox 2238 1035 2347 1067; x_wconf 61' lang='lat' dir='ltr'>com</span> 
     </span>
     <span class='ocr_line' id='line_1_14' title="bbox 367 1082 2346 1149; baseline -0.001 -15"><span class='ocrx_word' id='word_1_160' title='bbox 367 1086 572 1149; x_wconf 70' lang='lat' dir='ltr'>junctum</span> <span class='ocrx_word' id='word_1_161' title='bbox 609 1084 718 1131; x_wconf 86' lang='lat' dir='ltr'>effet</span> <span class='ocrx_word' id='word_1_162' title='bbox 745 1084 922 1131; x_wconf 90' lang='lat' dir='ltr'>mundo</span> <span class='ocrx_word' id='word_1_163' title='bbox 945 1099 1022 1146; x_wconf 87' lang='lat' dir='ltr'>per</span> <span class='ocrx_word' id='word_1_164' title='bbox 1040 1082 1264 1138; x_wconf 84' lang='lat' dir='ltr'>Verbum,</span> <span class='ocrx_word' id='word_1_165' title='bbox 1300 1099 1405 1130; x_wconf 87' lang='lat' dir='ltr'>nam</span> <span class='ocrx_word' id='word_1_166' title='bbox 1430 1083 1594 1145; x_wconf 90' lang='lat' dir='ltr'>absque</span> <span class='ocrx_word' id='word_1_167' title='bbox 1622 1083 1776 1130; x_wconf 88' lang='lat' dir='ltr'>Verbo</span> <span class='ocrx_word' id='word_1_168' title='bbox 1799 1085 1923 1131; x_wconf 88' lang='lat' dir='ltr'>nulla</span> <span class='ocrx_word' id='word_1_169' title='bbox 1946 1082 2220 1146; x_wconf 62' lang='lat' dir='ltr'>conjundtio,</span> <span class='ocrx_word' id='word_1_170' title='bbox 2257 1086 2346 1133; x_wconf 90' lang='lat' dir='ltr'>hoc</span> 
     </span>
     <span class='ocr_line' id='line_1_15' title="bbox 369 1145 2342 1216; baseline -0.001 -17"><span class='ocrx_word' id='word_1_171' title='bbox 369 1152 434 1200; x_wconf 87' lang='lat' dir='ltr'>est</span> <span class='ocrx_word' id='word_1_172' title='bbox 452 1152 615 1216; x_wconf 83' lang='lat' dir='ltr'>absque</span> <span class='ocrx_word' id='word_1_173' title='bbox 651 1150 829 1198; x_wconf 87' lang='lat' dir='ltr'>Divino</span> <span class='ocrx_word' id='word_1_174' title='bbox 853 1148 974 1197; x_wconf 86' lang='lat' dir='ltr'>Vero</span> <span class='ocrx_word' id='word_1_175' title='bbox 1007 1148 1239 1203; x_wconf 78' lang='lat' dir='ltr'>revelato‚·,</span> <span class='ocrx_word' id='word_1_176' title='bbox 1275 1149 1325 1197; x_wconf 87' lang='lat'>&amp;</span> <span class='ocrx_word' id='word_1_177' title='bbox 1362 1149 1394 1196; x_wconf 87' lang='lat' dir='ltr'>s1</span> <span class='ocrx_word' id='word_1_178' title='bbox 1429 1148 1549 1197; x_wconf 88' lang='lat' dir='ltr'>nulla</span> <span class='ocrx_word' id='word_1_179' title='bbox 1591 1145 1869 1210; x_wconf 74' lang='lat' dir='ltr'>conjunffio,</span> <span class='ocrx_word' id='word_1_180' title='bbox 1908 1151 2023 1213; x_wconf 91' lang='lat' dir='ltr'>perit</span> <span class='ocrx_word' id='word_1_181' title='bbox 2061 1149 2218 1198; x_wconf 88' lang='lat' dir='ltr'>Genus</span> <span class='ocrx_word' id='word_1_182' title='bbox 2254 1150 2342 1198; x_wconf 91' lang='lat' dir='ltr'>hu-</span> 
     </span>
     <span class='ocr_line' id='line_1_16' title="bbox 372 1233 2108 1268; baseline -0.01 -1"><span class='ocrx_word' id='word_1_183' title='bbox 372 1233 584 1268; x_wconf 85' lang='lat' dir='ltr'>manum.</span> <span class='ocrx_word' id='word_1_184' title='bbox 2072 1245 2073 1248; x_wconf 72' lang='grc'>,</span> <span class='ocrx_word' id='word_1_185' title='bbox 2100 1244 2108 1250; x_wconf 30' lang='lat' dir='ltr'>t</span> 
     </span>
     <span class='ocr_line' id='line_1_17' title="bbox 437 1278 2355 1348; baseline -0.001 -16"><span class='ocrx_word' id='word_1_186' title='bbox 437 1300 584 1348; x_wconf 81' lang='lat'><strong>9²13·</strong></span> <span class='ocrx_word' id='word_1_187' title='bbox 622 1282 790 1345; x_wconf 91' lang='lat' dir='ltr'>Usque·</span> <span class='ocrx_word' id='word_1_188' title='bbox 821 1281 877 1328; x_wconf 86' lang='lat' dir='ltr'>ad</span> <span class='ocrx_word' id='word_1_189' title='bbox 912 1280 1075 1327; x_wconf 87' lang='lat' dir='ltr'>intrare</span> <span class='ocrx_word' id='word_1_190' title='bbox 1110 1278 1211 1327; x_wconf 88' lang='lat' dir='ltr'>solis</span> <span class='ocrx_word' id='word_1_191' title='bbox 1244 1279 1441 1328; x_wconf 84' lang='lat' dir='ltr'>restitues</span> <span class='ocrx_word' id='word_1_192' title='bbox 1465 1281 1523 1336; x_wconf 86' lang='lat' dir='ltr'>ei,</span> <span class='ocrx_word' id='word_1_193' title='bbox 1560 1280 1685 1343; x_wconf 89' lang='lat' dir='ltr'>quod</span> <span class='ocrx_word' id='word_1_194' title='bbox 1711 1278 1929 1342; x_wconf 80' lang='lat' dir='ltr'>significet</span> <span class='ocrx_word' id='word_1_195' title='bbox 1952 1278 2077 1342; x_wconf 83' lang='lat' dir='ltr'>quod</span> <span class='ocrx_word' id='word_1_196' title='bbox 2116 1281 2355 1330; x_wconf 85' lang='lat' dir='ltr'>restituen-</span> 
     </span>
     <span class='ocr_line' id='line_1_18' title="bbox 370 1343 2360 1408; baseline -0.001 -11"><span class='ocrx_word' id='word_1_197' title='bbox 370 1349 485 1397; x_wconf 88' lang='lat' dir='ltr'>dum</span> <span class='ocrx_word' id='word_1_198' title='bbox 511 1362 611 1397; x_wconf 87' lang='lat' dir='ltr'>ante</span> <span class='ocrx_word' id='word_1_199' title='bbox 636 1349 798 1395; x_wconf 86' lang='lat' dir='ltr'>statum</span> <span class='ocrx_word' id='word_1_200' title='bbox 818 1346 994 1394; x_wconf 87' lang='lat' dir='ltr'>umbrae</span> <span class='ocrx_word' id='word_1_201' title='bbox 1012 1361 1068 1392; x_wconf 86' lang='lat' dir='ltr'>cx</span> <span class='ocrx_word' id='word_1_202' title='bbox 1085 1343 1298 1408; x_wconf 90' lang='lat' dir='ltr'>jucundis</span> <span class='ocrx_word' id='word_1_203' title='bbox 1323 1362 1531 1393; x_wconf 84' lang='lat' dir='ltr'>amorum</span> <span class='ocrx_word' id='word_1_204' title='bbox 1556 1355 1871 1401; x_wconf 81' lang='lat' dir='ltr'>externorum,</span> <span class='ocrx_word' id='word_1_205' title='bbox 1907 1343 2152 1395; x_wconf 77' lang='lat' dir='ltr'>constatex</span> <span class='ocrx_word' id='word_1_206' title='bbox 2169 1348 2360 1408; x_wconf 69' lang='lat' dir='ltr'>signifi-</span> 
     </span>
     <span class='ocr_line' id='line_1_19' title="bbox 369 1408 2366 1474; baseline -0.001 -11"><span class='ocrx_word' id='word_1_207' title='bbox 369 1417 548 1464; x_wconf 80' lang='lat' dir='ltr'>catione</span> <span class='ocrx_word' id='word_1_208' title='bbox 572 1415 732 1461; x_wconf 89' lang='lat' dir='ltr'>intrare</span> <span class='ocrx_word' id='word_1_209' title='bbox 751 1413 825 1460; x_wconf 92' lang='lat' dir='ltr'>seu</span> <span class='ocrx_word' id='word_1_210' title='bbox 847 1411 1048 1458; x_wconf 86' lang='lat' dir='ltr'>occidere</span> <span class='ocrx_word' id='word_1_211' title='bbox 1074 1409 1190 1466; x_wconf 88' lang='lat' dir='ltr'>solis,</span> <span class='ocrx_word' id='word_1_212' title='bbox 1227 1412 1353 1474; x_wconf 90' lang='lat' dir='ltr'>quod</span> <span class='ocrx_word' id='word_1_213' title='bbox 1378 1412 1431 1459; x_wconf 86' lang='lat' dir='ltr'>fit</span> <span class='ocrx_word' id='word_1_214' title='bbox 1456 1412 1587 1458; x_wconf 89' lang='lat' dir='ltr'>status</span> <span class='ocrx_word' id='word_1_215' title='bbox 1620 1412 1794 1458; x_wconf 86' lang='lat' dir='ltr'>umbrae</span> <span class='ocrx_word' id='word_1_216' title='bbox 1818 1426 1873 1457; x_wconf 89' lang='lat' dir='ltr'>ex</span> <span class='ocrx_word' id='word_1_217' title='bbox 1903 1408 2112 1471; x_wconf 80' lang='lat' dir='ltr'>jucundis</span> <span class='ocrx_word' id='word_1_218' title='bbox 2136 1428 2366 1462; x_wconf 33' lang='lat' dir='ltr'>amorum,</span> 
     </span>
     <span class='ocr_line' id='line_1_20' title="bbox 367 1474 2360 1542; baseline -0.006 -11"><span class='ocrx_word' id='word_1_219' title='bbox 367 1493 671 1531; x_wconf 75' lang='lat' dir='ltr'>externorum,</span> <span class='ocrx_word' id='word_1_220' title='bbox 741 1478 864 1526; x_wconf 87' lang='lat' dir='ltr'>Cum</span> <span class='ocrx_word' id='word_1_221' title='bbox 883 1477 967 1524; x_wconf 92' lang='lat' dir='ltr'>hoc</span> <span class='ocrx_word' id='word_1_222' title='bbox 991 1478 1055 1524; x_wconf 31' lang='lat' dir='ltr'>ita*</span> <span class='ocrx_word' id='word_1_223' title='bbox 1070 1475 1109 1523; x_wconf 94' lang='lat' dir='ltr'>se</span> <span class='ocrx_word' id='word_1_224' title='bbox 1127 1477 1299 1530; x_wconf 76' lang='lat' dir='ltr'>habet-3</span> <span class='ocrx_word' id='word_1_225' title='bbox 1337 1477 1382 1524; x_wconf 90' lang='lat' dir='ltr'>in</span> <span class='ocrx_word' id='word_1_226' title='bbox 1406 1477 1528 1524; x_wconf 88' lang='lat' dir='ltr'>coelo</span> <span class='ocrx_word' id='word_1_227' title='bbox 1549 1476 1652 1524; x_wconf 90' lang='lat' dir='ltr'>sunt</span> <span class='ocrx_word' id='word_1_228' title='bbox 1670 1474 1995 1523; x_wconf 83' lang='lat' dir='ltr'>vsciffitudines</span> <span class='ocrx_word' id='word_1_229' title='bbox 2013 1477 2167 1524; x_wconf 87' lang='lat' dir='ltr'>caloris</span> <span class='ocrx_word' id='word_1_230' title='bbox 2193 1479 2360 1542; x_wconf 61' lang='lat' dir='ltr'>quoad:</span> 
     </span>
     <span class='ocr_line' id='line_1_21' title="bbox 371 1541 2350 1610; baseline -0.001 -15"><span class='ocrx_word' id='word_1_231' title='bbox 371 1546 446 1596; x_wconf 85' lang='lat' dir='ltr'>illa</span> <span class='ocrx_word' id='word_1_232' title='bbox 469 1562 572 1610; x_wconf 84' lang='lat' dir='ltr'>quae</span> <span class='ocrx_word' id='word_1_233' title='bbox 596 1544 704 1594; x_wconf 89' lang='lat' dir='ltr'>boni</span> <span class='ocrx_word' id='word_1_234' title='bbox 721 1543 888 1593; x_wconf 88' lang='lat' dir='ltr'>amoris</span> <span class='ocrx_word' id='word_1_235' title='bbox 912 1543 1029 1598; x_wconf 85' lang='lat' dir='ltr'>sunt,</span> <span class='ocrx_word' id='word_1_236' title='bbox 1065 1543 1115 1590; x_wconf 73' lang='grc' dir='ltr'>δε</span> <span class='ocrx_word' id='word_1_237' title='bbox 1137 1541 1246 1589; x_wconf 88' lang='lat' dir='ltr'>lucis</span> <span class='ocrx_word' id='word_1_238' title='bbox 1263 1543 1415 1605; x_wconf 83' lang='lat' dir='ltr'>quoad</span> <span class='ocrx_word' id='word_1_239' title='bbox 1440 1544 1514 1590; x_wconf 89' lang='lat' dir='ltr'>illa</span> <span class='ocrx_word' id='word_1_240' title='bbox 1538 1559 1645 1606; x_wconf 86' lang='lat' dir='ltr'>quae</span> <span class='ocrx_word' id='word_1_241' title='bbox 1671 1542 1762 1588; x_wconf 86' lang='lat' dir='ltr'>veri</span> <span class='ocrx_word' id='word_1_242' title='bbox 1789 1541 1912 1596; x_wconf 83' lang='lat' dir='ltr'>fidei,</span> <span class='ocrx_word' id='word_1_243' title='bbox 1950 1542 2010 1590; x_wconf 85' lang='lat' dir='ltr'>ita</span> <span class='ocrx_word' id='word_1_244' title='bbox 2029 1544 2350 1593; x_wconf 84' lang='lat' dir='ltr'>viciffitudines</span> 
     </span>
     <span class='ocr_line' id='line_1_22' title="bbox 374 1607 2359 1673; baseline 0 -13"><span class='ocrx_word' id='word_1_245' title='bbox 374 1612 612 1660; x_wconf 82' lang='lat' dir='ltr'>amoris&amp;</span> <span class='ocrx_word' id='word_1_246' title='bbox 634 1610 742 1659; x_wconf 88' lang='lat' dir='ltr'>fidei</span> <span class='ocrx_word' id='word_1_247' title='bbox 764 1631 783 1665; x_wconf 89' lang='lat'>;-</span> <span class='ocrx_word' id='word_1_248' title='bbox 816 1609 861 1656; x_wconf 89' lang='lat' dir='ltr'>in</span> <span class='ocrx_word' id='word_1_249' title='bbox 886 1609 1063 1657; x_wconf 66' lang='lat' dir='ltr'>interno</span> <span class='ocrx_word' id='word_1_250' title='bbox 1086 1608 1223 1655; x_wconf 87' lang='lat' dir='ltr'>etiam</span> <span class='ocrx_word' id='word_1_251' title='bbox 1251 1608 1351 1656; x_wconf 93' lang='lat' dir='ltr'>sunt</span> <span class='ocrx_word' id='word_1_252' title='bbox 1382 1608 1719 1664; x_wconf 71' lang='lat' dir='ltr'>vicissitudines,</span> <span class='ocrx_word' id='word_1_253' title='bbox 1758 1607 1833 1655; x_wconf 85' lang='lat' dir='ltr'>sed</span> <span class='ocrx_word' id='word_1_254' title='bbox 1859 1607 1946 1656; x_wconf 85' lang='lat' dir='ltr'>illis</span> <span class='ocrx_word' id='word_1_255' title='bbox 1969 1610 2208 1670; x_wconf 81' lang='lat' dir='ltr'>oppositae,</span> <span class='ocrx_word' id='word_1_256' title='bbox 2243 1610 2359 1673; x_wconf 68' lang='lat' dir='ltr'>quia</span> 
     </span>
     <span class='ocr_line' id='line_1_23' title="bbox 377 1672 2353 1736; baseline 0 -10"><span class='ocrx_word' id='word_1_257' title='bbox 377 1678 442 1727; x_wconf 91' lang='lat' dir='ltr'>ibi</span> <span class='ocrx_word' id='word_1_258' title='bbox 461 1680 623 1725; x_wconf 88' lang='lat' dir='ltr'>amoris</span> <span class='ocrx_word' id='word_1_259' title='bbox 649 1676 753 1724; x_wconf 85' lang='lat' dir='ltr'>mali</span> <span class='ocrx_word' id='word_1_260' title='bbox 780 1676 828 1722; x_wconf 68' lang='grc' dir='ltr'>ὅτ</span> <span class='ocrx_word' id='word_1_261' title='bbox 854 1674 965 1721; x_wconf 81' lang='lat' dir='ltr'>fides</span> <span class='ocrx_word' id='word_1_262' title='bbox 983 1673 1100 1721; x_wconf 83' lang='lat' dir='ltr'>falfi:</span> <span class='ocrx_word' id='word_1_263' title='bbox 1138 1674 1574 1723; x_wconf 68' lang='lat' dir='ltr'>illae-vicissitudines</span> <span class='ocrx_word' id='word_1_264' title='bbox 1596 1672 1946 1736; x_wconf 83' lang='lat' dir='ltr'>correspondent</span> <span class='ocrx_word' id='word_1_265' title='bbox 1972 1674 2353 1726; x_wconf 87' lang='lat' dir='ltr'>viciffitudinibus</span> 
     </span>
     <span class='ocr_line' id='line_1_24' title="bbox 376 1738 2355 1806; baseline -0.001 -14"><span class='ocrx_word' id='word_1_266' title='bbox 376 1755 647 1806; x_wconf 82' lang='lat' dir='ltr'>temporum·</span> <span class='ocrx_word' id='word_1_267' title='bbox 678 1740 779 1789; x_wconf 79' lang='lat' dir='ltr'>anni</span> <span class='ocrx_word' id='word_1_268' title='bbox 821 1741 865 1788; x_wconf 84' lang='lat' dir='ltr'>in</span> <span class='ocrx_word' id='word_1_269' title='bbox 891 1753 1019 1796; x_wconf 87' lang='lat' dir='ltr'>terra,</span> <span class='ocrx_word' id='word_1_270' title='bbox 1055 1738 1290 1803; x_wconf 11' lang='lat' dir='ltr'>quaesssunt</span> <span class='ocrx_word' id='word_1_271' title='bbox 1314 1739 1423 1796; x_wconf 90' lang='lat' dir='ltr'>Ver,</span> <span class='ocrx_word' id='word_1_272' title='bbox 1459 1738 1624 1796; x_wconf 87' lang='lat' dir='ltr'>AEstas,</span> <span class='ocrx_word' id='word_1_273' title='bbox 1662 1740 1947 1794; x_wconf 79' lang='lat' dir='ltr'>Autumnus,</span> <span class='ocrx_word' id='word_1_274' title='bbox 1983 1740 2033 1787; x_wconf 91' lang='lat'>&amp;</span> <span class='ocrx_word' id='word_1_275' title='bbox 2061 1741 2259 1803; x_wconf 81' lang='lat' dir='ltr'>H.yernS‚</span> <span class='ocrx_word' id='word_1_276' title='bbox 2295 1758 2355 1792; x_wconf 61' lang='lat' dir='ltr'>ae</span> 
     </span>
     <span class='ocr_line' id='line_1_25' title="bbox 377 1803 2364 1870; baseline -0.001 -13"><span class='ocrx_word' id='word_1_277' title='bbox 377 1810 542 1857; x_wconf 87' lang='lat' dir='ltr'>iterum</span> <span class='ocrx_word' id='word_1_278' title='bbox 569 1824 664 1864; x_wconf 80' lang='lat' dir='ltr'>ver,</span> <span class='ocrx_word' id='word_1_279' title='bbox 699 1809 748 1855; x_wconf 77' lang='grc' dir='ltr'>δε</span> <span class='ocrx_word' id='word_1_280' title='bbox 776 1807 833 1854; x_wconf 86' lang='lat' dir='ltr'>fic</span> <span class='ocrx_word' id='word_1_281' title='bbox 857 1821 1029 1870; x_wconf 90' lang='lat' dir='ltr'>porro·,</span> <span class='ocrx_word' id='word_1_282' title='bbox 1055 1803 1127 1851; x_wconf 91' lang='lat' dir='ltr'>sed</span> <span class='ocrx_word' id='word_1_283' title='bbox 1155 1805 1199 1851; x_wconf 90' lang='lat' dir='ltr'>in</span> <span class='ocrx_word' id='word_1_284' title='bbox 1227 1806 1403 1853; x_wconf 85' lang='lat' dir='ltr'>mundo</span> <span class='ocrx_word' id='word_1_285' title='bbox 1422 1805 1640 1869; x_wconf 82' lang='lat' dir='ltr'>spirituali</span> <span class='ocrx_word' id='word_1_286' title='bbox 1665 1820 1747 1868; x_wconf 93' lang='lat' dir='ltr'>pro</span> <span class='ocrx_word' id='word_1_287' title='bbox 1769 1805 2051 1868; x_wconf 88' lang='lat' dir='ltr'>temporibus</span> <span class='ocrx_word' id='word_1_288' title='bbox 2071 1805 2168 1853; x_wconf 87' lang='lat' dir='ltr'>sunt</span> <span class='ocrx_word' id='word_1_289' title='bbox 2192 1807 2364 1865; x_wconf 65' lang='lat' dir='ltr'>statu5,..</span> 
     </span>
     <span class='ocr_line' id='line_1_26' title="bbox 379 1868 2348 1938; baseline -0.002 -14"><span class='ocrx_word' id='word_1_290' title='bbox 379 1891 487 1924; x_wconf 77' lang='lat' dir='ltr'>nam</span> <span class='ocrx_word' id='word_1_291' title='bbox 513 1890 602 1922; x_wconf 90' lang='lat' dir='ltr'>non</span> <span class='ocrx_word' id='word_1_292' title='bbox 629 1874 726 1921; x_wconf 91' lang='lat' dir='ltr'>sunt</span> <span class='ocrx_word' id='word_1_293' title='bbox 749 1874 871 1938; x_wconf 75' lang='lat' dir='ltr'>vices</span> <span class='ocrx_word' id='word_1_294' title='bbox 890 1871 1046 1919; x_wconf 88' lang='lat' dir='ltr'>caloris</span> <span class='ocrx_word' id='word_1_295' title='bbox 1069 1872 1117 1918; x_wconf 76' lang='grc' dir='ltr'>ὅτ</span> <span class='ocrx_word' id='word_1_296' title='bbox 1142 1870 1268 1926; x_wconf 89' lang='lat' dir='ltr'>lucis,</span> <span class='ocrx_word' id='word_1_297' title='bbox 1297 1871 1371 1917; x_wconf 89' lang='lat' dir='ltr'>sed</span> <span class='ocrx_word' id='word_1_298' title='bbox 1394 1871 1560 1919; x_wconf 86' lang='lat' dir='ltr'>amoris</span> <span class='ocrx_word' id='word_1_299' title='bbox 1593 1871 1642 1918; x_wconf 76' lang='grc' dir='ltr'>δε</span> <span class='ocrx_word' id='word_1_300' title='bbox 1667 1869 1773 1919; x_wconf 89' lang='lat' dir='ltr'>fidei</span> <span class='ocrx_word' id='word_1_301' title='bbox 1796 1887 1807 1917; x_wconf 74' lang='grc' dir='ltr'>ε</span> <span class='ocrx_word' id='word_1_302' title='bbox 1842 1869 1905 1916; x_wconf 88' lang='lat' dir='ltr'>ast</span> <span class='ocrx_word' id='word_1_303' title='bbox 1937 1868 2185 1927; x_wconf 82' lang='lat' dir='ltr'>sciendum,</span> <span class='ocrx_word' id='word_1_304' title='bbox 2221 1874 2348 1936; x_wconf 90' lang='lat' dir='ltr'>quod</span> 
     </span>
     <span class='ocr_line' id='line_1_27' title="bbox 375 1934 2350 1999; baseline -0.001 -11"><span class='ocrx_word' id='word_1_305' title='bbox 375 1939 817 1994; x_wconf 61' lang='lat' dir='ltr'>vicissitudines-illae</span> <span class='ocrx_word' id='word_1_306' title='bbox 839 1954 929 1986; x_wconf 89' lang='lat' dir='ltr'>non</span> <span class='ocrx_word' id='word_1_307' title='bbox 956 1937 1039 1985; x_wconf 88' lang='lat' dir='ltr'>fint</span> <span class='ocrx_word' id='word_1_308' title='bbox 1077 1936 1240 1984; x_wconf 86' lang='lat' dir='ltr'>firniles</span> <span class='ocrx_word' id='word_1_309' title='bbox 1263 1938 1342 1984; x_wconf 91' lang='lat' dir='ltr'>uni</span> <span class='ocrx_word' id='word_1_310' title='bbox 1377 1937 1487 1985; x_wconf 84' lang='lat' dir='ltr'>ficut</span> <span class='ocrx_word' id='word_1_311' title='bbox 1504 1937 1651 1994; x_wconf 82' lang='lat' dir='ltr'>alteri,</span> <span class='ocrx_word' id='word_1_312' title='bbox 1690 1934 1764 1983; x_wconf 83' lang='lat' dir='ltr'>sed</span> <span class='ocrx_word' id='word_1_313' title='bbox 1801 1934 2020 1983; x_wconf 85' lang='lat' dir='ltr'>differunt</span> <span class='ocrx_word' id='word_1_314' title='bbox 2042 1938 2159 1999; x_wconf 86' lang='lat' dir='ltr'>apud</span> <span class='ocrx_word' id='word_1_315' title='bbox 2184 1939 2350 1987; x_wconf 60' lang='lat' dir='ltr'>unum?-</span> 
     </span>
     <span class='ocr_line' id='line_1_28' title="bbox 372 2001 2356 2071; baseline -0.003 -18"><span class='ocrx_word' id='word_1_316' title='bbox 372 2006 588 2071; x_wconf 83' lang='lat' dir='ltr'>-quemvis</span> <span class='ocrx_word' id='word_1_317' title='bbox 615 2005 852 2053; x_wconf 88' lang='lat' dir='ltr'>secundum</span> <span class='ocrx_word' id='word_1_318' title='bbox 888 2004 1050 2051; x_wconf 86' lang='lat' dir='ltr'>statum</span> <span class='ocrx_word' id='word_1_319' title='bbox 1070 2001 1162 2065; x_wconf 90' lang='lat' dir='ltr'>ejus</span> <span class='ocrx_word' id='word_1_320' title='bbox 1186 2001 1294 2049; x_wconf 86' lang='lat' dir='ltr'>vitae</span> <span class='ocrx_word' id='word_1_321' title='bbox 1316 2002 1583 2066; x_wconf 78' lang='lat' dir='ltr'>acquisitum</span> <span class='ocrx_word' id='word_1_322' title='bbox 1619 2001 1667 2050; x_wconf 88' lang='lat' dir='ltr'>in·</span> <span class='ocrx_word' id='word_1_323' title='bbox 1702 2001 1908 2050; x_wconf 84' lang='lat' dir='ltr'>mundo:</span> <span class='ocrx_word' id='word_1_324' title='bbox 1944 2001 2123 2050; x_wconf 89' lang='lat' dir='ltr'>occasus</span> <span class='ocrx_word' id='word_1_325' title='bbox 2158 2002 2260 2050; x_wconf 89' lang='lat' dir='ltr'>solis</span> <span class='ocrx_word' id='word_1_326' title='bbox 2300 2004 2356 2052; x_wconf 26' lang='lat' dir='ltr'>in,</span> 
     </span>
     <span class='ocr_line' id='line_1_29' title="bbox 379 2067 2350 2135; baseline -0.001 -15"><span class='ocrx_word' id='word_1_327' title='bbox 379 2073 500 2120; x_wconf 86' lang='lat' dir='ltr'>coelo</span> <span class='ocrx_word' id='word_1_328' title='bbox 522 2071 836 2135; x_wconf 79' lang='lat' dir='ltr'>correspondet</span> <span class='ocrx_word' id='word_1_329' title='bbox 876 2070 1004 2117; x_wconf 76' lang='lat' dir='ltr'>statui</span> <span class='ocrx_word' id='word_1_330' title='bbox 1041 2068 1409 2130; x_wconf 19' lang='lat' dir='ltr'>umbraeqquoad</span> <span class='ocrx_word' id='word_1_331' title='bbox 1451 2082 1555 2114; x_wconf 87' lang='lat' dir='ltr'>vera</span> <span class='ocrx_word' id='word_1_332' title='bbox 1595 2067 1716 2124; x_wconf 87' lang='lat' dir='ltr'>fidei,</span> <span class='ocrx_word' id='word_1_333' title='bbox 1752 2067 1954 2116; x_wconf 74' lang='lat' dir='ltr'>&amp;statui</span> <span class='ocrx_word' id='word_1_334' title='bbox 1981 2067 2161 2129; x_wconf 81' lang='lat' dir='ltr'>frigoris</span> <span class='ocrx_word' id='word_1_335' title='bbox 2194 2071 2350 2133; x_wconf 87' lang='lat' dir='ltr'>quoad</span> 
     </span>
     <span class='ocr_line' id='line_1_30' title="bbox 378 2133 2351 2197; baseline -0.002 -11"><span class='ocrx_word' id='word_1_336' title='bbox 378 2139 559 2187; x_wconf 86' lang='lat' dir='ltr'>bonum·</span> <span class='ocrx_word' id='word_1_337' title='bbox 580 2138 747 2186; x_wconf 73' lang='lat' dir='ltr'>amoris</span> <span class='ocrx_word' id='word_1_338' title='bbox 770 2136 815 2182; x_wconf 86' lang='lat' dir='ltr'>in</span> <span class='ocrx_word' id='word_1_339' title='bbox 843 2135 1100 2182; x_wconf 86' lang='lat' dir='ltr'>Dominum</span> <span class='ocrx_word' id='word_1_340' title='bbox 1123 2135 1172 2181; x_wconf 77' lang='grc' dir='ltr'>δε</span> <span class='ocrx_word' id='word_1_341' title='bbox 1196 2148 1304 2196; x_wconf 84' lang='lat' dir='ltr'>erga</span> <span class='ocrx_word' id='word_1_342' title='bbox 1321 2135 1586 2197; x_wconf 83' lang='lat' dir='ltr'>proximum</span> <span class='ocrx_word' id='word_1_343' title='bbox 1607 2153 1621 2186; x_wconf 75' lang='lat'>3</span> <span class='ocrx_word' id='word_1_344' title='bbox 1658 2135 1842 2180; x_wconf 87' lang='lat' dir='ltr'>veniunt</span> <span class='ocrx_word' id='word_1_345' title='bbox 1856 2133 1978 2180; x_wconf 88' lang='lat' dir='ltr'>enim</span> <span class='ocrx_word' id='word_1_346' title='bbox 2004 2133 2169 2182; x_wconf 85' lang='lat' dir='ltr'>tuncin</span> <span class='ocrx_word' id='word_1_347' title='bbox 2186 2134 2351 2197; x_wconf 87' lang='lat' dir='ltr'>jucun-</span> 
     </span>
     <span class='ocr_line' id='line_1_31' title="bbox 383 2197 2359 2262; baseline -0.002 -10"><span class='ocrx_word' id='word_1_348' title='bbox 383 2204 443 2252; x_wconf 82' lang='lat' dir='ltr'>da</span> <span class='ocrx_word' id='word_1_349' title='bbox 467 2219 673 2252; x_wconf 86' lang='lat' dir='ltr'>amorum</span> <span class='ocrx_word' id='word_1_350' title='bbox 690 2214 996 2255; x_wconf 83' lang='lat' dir='ltr'>externorum,</span> <span class='ocrx_word' id='word_1_351' title='bbox 1032 2213 1138 2262; x_wconf 85' lang='lat' dir='ltr'>quae</span> <span class='ocrx_word' id='word_1_352' title='bbox 1162 2199 1318 2246; x_wconf 70' lang='lat' dir='ltr'>secum:</span> <span class='ocrx_word' id='word_1_353' title='bbox 1334 2200 1497 2246; x_wconf 89' lang='lat' dir='ltr'>habent</span> <span class='ocrx_word' id='word_1_354' title='bbox 1522 2199 1725 2246; x_wconf 84' lang='lat' dir='ltr'>umbram</span> <span class='ocrx_word' id='word_1_355' title='bbox 1742 2198 1894 2260; x_wconf 89' lang='lat' dir='ltr'>quoad</span> <span class='ocrx_word' id='word_1_356' title='bbox 1914 2197 2050 2246; x_wconf 87' lang='lat' dir='ltr'>fidem</span> <span class='ocrx_word' id='word_1_357' title='bbox 2071 2220 2087 2253; x_wconf 76' lang='lat'>3</span> <span class='ocrx_word' id='word_1_358' title='bbox 2121 2215 2224 2247; x_wconf 84' lang='lat' dir='ltr'>nam</span> <span class='ocrx_word' id='word_1_359' title='bbox 2244 2216 2359 2250; x_wconf 28' lang='lat' dir='ltr'>cum*</span> 
     </span>
     <span class='ocr_line' id='line_1_32' title="bbox 389 2263 2356 2332; baseline -0.003 -15"><span class='ocrx_word' id='word_1_360' title='bbox 389 2270 599 2332; x_wconf 82' lang='lat' dir='ltr'>Angelus</span> <span class='ocrx_word' id='word_1_361' title='bbox 622 2280 698 2316; x_wconf 88' lang='lat' dir='ltr'>aut</span> <span class='ocrx_word' id='word_1_362' title='bbox 721 2267 914 2331; x_wconf 86' lang='lat' dir='ltr'>Spiritus</span> <span class='ocrx_word' id='word_1_363' title='bbox 938 2266 983 2312; x_wconf 89' lang='lat' dir='ltr'>in</span> <span class='ocrx_word' id='word_1_364' title='bbox 1001 2264 1193 2312; x_wconf 85' lang='lat' dir='ltr'>externis</span> <span class='ocrx_word' id='word_1_365' title='bbox 1216 2264 1448 2321; x_wconf 80' lang='lat' dir='ltr'>est‚etiam</span> <span class='ocrx_word' id='word_1_366' title='bbox 1464 2267 1510 2312; x_wconf 88' lang='lat' dir='ltr'>in</span> <span class='ocrx_word' id='word_1_367' title='bbox 1534 2264 1693 2313; x_wconf 86' lang='lat' dir='ltr'>umbra</span> <span class='ocrx_word' id='word_1_368' title='bbox 1716 2263 1809 2319; x_wconf 86' lang='lat' dir='ltr'>est·;</span> <span class='ocrx_word' id='word_1_369' title='bbox 1841 2279 1947 2312; x_wconf 90' lang='lat' dir='ltr'>cum</span> <span class='ocrx_word' id='word_1_370' title='bbox 1971 2276 2125 2313; x_wconf 82' lang='lat' dir='ltr'>autem</span> <span class='ocrx_word' id='word_1_371' title='bbox 2152 2266 2195 2313; x_wconf 85' lang='lat' dir='ltr'>iri</span> <span class='ocrx_word' id='word_1_372' title='bbox 2220 2267 2356 2315; x_wconf 57' lang='lat' dir='ltr'>interf</span> 
     </span>
     <span class='ocr_line' id='line_1_33' title="bbox 386 2329 2351 2394; baseline -0.002 -10"><span class='ocrx_word' id='word_1_373' title='bbox 386 2337 456 2386; x_wconf 85' lang='lat' dir='ltr'>nis</span> <span class='ocrx_word' id='word_1_374' title='bbox 491 2335 572 2391; x_wconf 89' lang='lat' dir='ltr'>est,</span> <span class='ocrx_word' id='word_1_375' title='bbox 607 2345 715 2381; x_wconf 91' lang='lat' dir='ltr'>tunc</span> <span class='ocrx_word' id='word_1_376' title='bbox 740 2333 784 2380; x_wconf 90' lang='lat' dir='ltr'>in</span> <span class='ocrx_word' id='word_1_377' title='bbox 810 2331 1022 2394; x_wconf 88' lang='lat' dir='ltr'>jucundis</span> <span class='ocrx_word' id='word_1_378' title='bbox 1057 2331 1104 2378; x_wconf 68' lang='lat' dir='ltr'>Sc</span> <span class='ocrx_word' id='word_1_379' title='bbox 1137 2330 1274 2378; x_wconf 85' lang='lat' dir='ltr'>beatis</span> <span class='ocrx_word' id='word_1_380' title='bbox 1307 2346 1531 2382; x_wconf 10' lang='lat' dir='ltr'>amorum,</span> <span class='ocrx_word' id='word_1_381' title='bbox 1552 2330 1806 2379; x_wconf 82' lang='lat' dir='ltr'>coelestium</span> <span class='ocrx_word' id='word_1_382' title='bbox 1841 2329 1923 2384; x_wconf 73' lang='lat' dir='ltr'>est,</span> <span class='ocrx_word' id='word_1_383' title='bbox 1956 2331 2006 2377; x_wconf 85' lang='lat'>&amp;</span> <span class='ocrx_word' id='word_1_384' title='bbox 2031 2329 2281 2379; x_wconf 85' lang='lat' dir='ltr'>fimultunc</span> <span class='ocrx_word' id='word_1_385' title='bbox 2305 2335 2351 2380; x_wconf 88' lang='lat' dir='ltr'>in</span> 
     </span>
     <span class='ocr_line' id='line_1_34' title="bbox 386 2393 2352 2460; baseline -0.002 -11"><span class='ocrx_word' id='word_1_386' title='bbox 386 2396 576 2450; x_wconf 75' lang='lat' dir='ltr'>a·‘rnaenis</span> <span class='ocrx_word' id='word_1_387' title='bbox 601 2399 726 2456; x_wconf 86' lang='lat' dir='ltr'>fidei,</span> <span class='ocrx_word' id='word_1_388' title='bbox 766 2399 835 2445; x_wconf 85' lang='lat' dir='ltr'>seu</span> <span class='ocrx_word' id='word_1_389' title='bbox 862 2400 904 2445; x_wconf 89' lang='lat' dir='ltr'>in</span> <span class='ocrx_word' id='word_1_390' title='bbox 931 2398 1023 2444; x_wconf 90' lang='lat' dir='ltr'>luce</span> <span class='ocrx_word' id='word_1_391' title='bbox 1047 2395 1138 2442; x_wconf 82' lang='lat' dir='ltr'>veri</span> <span class='ocrx_word' id='word_1_392' title='bbox 1164 2416 1177 2450; x_wconf 70' lang='grc' dir='ltr'>ς</span> <span class='ocrx_word' id='word_1_393' title='bbox 1214 2395 1258 2442; x_wconf 89' lang='lat' dir='ltr'>hi</span> <span class='ocrx_word' id='word_1_394' title='bbox 1286 2396 1415 2444; x_wconf 87' lang='lat' dir='ltr'>status</span> <span class='ocrx_word' id='word_1_395' title='bbox 1439 2396 1551 2451; x_wconf 69' lang='lat' dir='ltr'>sunt,</span> <span class='ocrx_word' id='word_1_396' title='bbox 1571 2395 1750 2457; x_wconf 52' lang='lat' dir='ltr'>,quibus</span> <span class='ocrx_word' id='word_1_397' title='bbox 1772 2393 2118 2457; x_wconf 89' lang='lat' dir='ltr'>correspondent</span> <span class='ocrx_word' id='word_1_398' title='bbox 2142 2408 2352 2460; x_wconf 84' lang='lat' dir='ltr'>tempora</span> 
     </span>
     <span class='ocr_line' id='line_1_35' title="bbox 385 2459 2360 2527; baseline -0.003 -11"><span class='ocrx_word' id='word_1_399' title='bbox 385 2483 523 2516; x_wconf 83' lang='lat' dir='ltr'>verna</span> <span class='ocrx_word' id='word_1_400' title='bbox 545 2466 595 2514; x_wconf 74' lang='grc' dir='ltr'>δε</span> <span class='ocrx_word' id='word_1_401' title='bbox 614 2460 818 2527; x_wconf 83' lang='lat' dir='ltr'>tempora</span> <span class='ocrx_word' id='word_1_402' title='bbox 843 2464 995 2511; x_wconf 86' lang='lat' dir='ltr'>aestiva</span> <span class='ocrx_word' id='word_1_403' title='bbox 1019 2464 1064 2508; x_wconf 90' lang='lat' dir='ltr'>in</span> <span class='ocrx_word' id='word_1_404' title='bbox 1090 2474 1202 2508; x_wconf 89' lang='lat' dir='ltr'>terra</span> <span class='ocrx_word' id='word_1_405' title='bbox 1222 2478 1242 2507; x_wconf 93' lang='lat'>:-</span> <span class='ocrx_word' id='word_1_406' title='bbox 1269 2478 1326 2508; x_wconf 63' lang='grc' dir='ltr'>εκ</span> <span class='ocrx_word' id='word_1_407' title='bbox 1344 2460 1768 2509; x_wconf 86' lang='lat' dir='ltr'>-his.nunc-constare</span> <span class='ocrx_word' id='word_1_408' title='bbox 1786 2459 1951 2523; x_wconf 85' lang='lat' dir='ltr'>potest,</span> <span class='ocrx_word' id='word_1_409' title='bbox 1984 2461 2104 2508; x_wconf 90' lang='lat' dir='ltr'>unde</span> <span class='ocrx_word' id='word_1_410' title='bbox 2119 2460 2199 2519; x_wconf 89' lang='lat' dir='ltr'>est,</span> <span class='ocrx_word' id='word_1_411' title='bbox 2222 2464 2360 2526; x_wconf 72' lang='lat' dir='ltr'>quod</span> 
     </span>
     <span class='ocr_line' id='line_1_36' title="bbox 386 2524 2356 2590; baseline -0.003 -8"><span class='ocrx_word' id='word_1_412' title='bbox 386 2537 549 2582; x_wconf 87' lang='lat' dir='ltr'>intrare</span> <span class='ocrx_word' id='word_1_413' title='bbox 584 2530 658 2578; x_wconf 82' lang='lat' dir='ltr'>feu</span> <span class='ocrx_word' id='word_1_414' title='bbox 682 2530 886 2578; x_wconf 87' lang='lat' dir='ltr'>occidere</span> <span class='ocrx_word' id='word_1_415' title='bbox 911 2528 1009 2575; x_wconf 92' lang='lat' dir='ltr'>solis</span> <span class='ocrx_word' id='word_1_416' title='bbox 1034 2526 1252 2590; x_wconf 79' lang='lat' dir='ltr'>significet</span> <span class='ocrx_word' id='word_1_417' title='bbox 1274 2527 1432 2575; x_wconf 85' lang='lat' dir='ltr'>statum</span> <span class='ocrx_word' id='word_1_418' title='bbox 1459 2528 1635 2574; x_wconf 84' lang='lat' dir='ltr'>umbrae</span> <span class='ocrx_word' id='word_1_419' title='bbox 1658 2543 1715 2573; x_wconf 87' lang='lat' dir='ltr'>ex</span> <span class='ocrx_word' id='word_1_420' title='bbox 1739 2524 1943 2587; x_wconf 79' lang='lat' dir='ltr'>iucundis</span> <span class='ocrx_word' id='word_1_421' title='bbox 1967 2542 2177 2573; x_wconf 88' lang='lat' dir='ltr'>amorum</span> <span class='ocrx_word' id='word_1_422' title='bbox 2211 2542 2356 2580; x_wconf 85' lang='lat' dir='ltr'>exter-</span> 
     </span>
     <span class='ocr_line' id='line_1_37' title="bbox 387 2591 2353 2658; baseline -0.003 -10"><span class='ocrx_word' id='word_1_423' title='bbox 387 2614 552 2648; x_wconf 88' lang='lat' dir='ltr'>norum</span> <span class='ocrx_word' id='word_1_424' title='bbox 573 2617 594 2652; x_wconf 74' lang='lat'>3-</span> <span class='ocrx_word' id='word_1_425' title='bbox 625 2597 681 2643; x_wconf 81' lang='lat' dir='ltr'>de</span> <span class='ocrx_word' id='word_1_426' title='bbox 699 2595 766 2642; x_wconf 87' lang='lat' dir='ltr'>h-is</span> <span class='ocrx_word' id='word_1_427' title='bbox 790 2593 1161 2642; x_wconf 85' lang='lat' dir='ltr'>viciffitudinibus</span> <span class='ocrx_word' id='word_1_428' title='bbox 1185 2592 1424 2640; x_wconf 86' lang='lat' dir='ltr'>videantur</span> <span class='ocrx_word' id='word_1_429' title='bbox 1458 2609 1562 2657; x_wconf 88' lang='lat' dir='ltr'>quae</span> <span class='ocrx_word' id='word_1_430' title='bbox 1601 2593 1721 2656; x_wconf 89' lang='lat' dir='ltr'>prius</span> <span class='ocrx_word' id='word_1_431' title='bbox 1745 2608 1805 2640; x_wconf 89' lang='lat' dir='ltr'>n:</span> <span class='ocrx_word' id='word_1_432' title='bbox 1834 2606 1980 2656; x_wconf 89' lang='lat'><em>5097.</em></span> <span class='ocrx_word' id='word_1_433' title='bbox 2023 2591 2168 2653; x_wconf 82' lang='lat'><em>5672.</em></span> <span class='ocrx_word' id='word_1_434' title='bbox 2208 2595 2353 2658; x_wconf 85' lang='lat'><strong><em>5962.</em></strong></span> 
     </span>
     <span class='ocr_line' id='line_1_38' title="bbox 389 2657 2364 2725; baseline -0.004 -12"><span class='ocrx_word' id='word_1_435' title='bbox 389 2667 446 2714; x_wconf 90' lang='lat'>61</span> <span class='ocrx_word' id='word_1_436' title='bbox 463 2679 533 2712; x_wconf 90' lang='lat'>10.</span> <span class='ocrx_word' id='word_1_437' title='bbox 562 2666 703 2725; x_wconf 80' lang='lat'>7083.</span> <span class='ocrx_word' id='word_1_438' title='bbox 732 2662 874 2721; x_wconf 83' lang='lat'>8426,</span> <span class='ocrx_word' id='word_1_439' title='bbox 904 2660 1046 2720; x_wconf 81' lang='lat'><strong>8615.</strong></span> <span class='ocrx_word' id='word_1_440' title='bbox 1070 2659 1213 2717; x_wconf 82' lang='lat'><strong>8644.</strong></span> <span class='ocrx_word' id='word_1_441' title='bbox 1238 2661 1388 2714; x_wconf 74' lang='lat'>8812,</span> <span class='ocrx_word' id='word_1_442' title='bbox 1418 2657 1588 2705; x_wconf 84' lang='lat' dir='ltr'>ostensa</span> <span class='ocrx_word' id='word_1_443' title='bbox 1613 2659 1726 2706; x_wconf 89' lang='lat' dir='ltr'>sunt.</span> <span class='ocrx_word' id='word_1_444' title='bbox 1797 2657 1872 2721; x_wconf 73' lang='lat' dir='ltr'>Ex</span> <span class='ocrx_word' id='word_1_445' title='bbox 1898 2657 2026 2721; x_wconf 88' lang='lat' dir='ltr'>supra</span> <span class='ocrx_word' id='word_1_446' title='bbox 2061 2657 2194 2705; x_wconf 68' lang='lat' dir='ltr'>dietis</span> <span class='ocrx_word' id='word_1_447' title='bbox 2213 2660 2364 2708; x_wconf 86' lang='lat' dir='ltr'>videri.</span> 
     </span>
     <span class='ocr_line' id='line_1_39' title="bbox 389 2719 2370 2797; baseline -0.003 -21"><span class='ocrx_word' id='word_1_448' title='bbox 389 2729 553 2797; x_wconf 84' lang='lat' dir='ltr'>potest,</span> <span class='ocrx_word' id='word_1_449' title='bbox 587 2727 706 2789; x_wconf 87' lang='lat' dir='ltr'>quid</span> <span class='ocrx_word' id='word_1_450' title='bbox 736 2725 1003 2788; x_wconf 85' lang='lat' dir='ltr'>intelligitur</span> <span class='ocrx_word' id='word_1_451' title='bbox 1027 2739 1105 2787; x_wconf 90' lang='lat' dir='ltr'>per</span> <span class='ocrx_word' id='word_1_452' title='bbox 1127 2724 1252 2787; x_wconf 87' lang='lat' dir='ltr'>quod</span> <span class='ocrx_word' id='word_1_453' title='bbox 1275 2739 1378 2771; x_wconf 88' lang='lat' dir='ltr'>vera</span> <span class='ocrx_word' id='word_1_454' title='bbox 1411 2724 1644 2785; x_wconf 80' lang='lat' dir='ltr'>scientifica</span> <span class='ocrx_word' id='word_1_455' title='bbox 1670 2740 1749 2786; x_wconf 85' lang='lat' dir='ltr'>per</span> <span class='ocrx_word' id='word_1_456' title='bbox 1782 2719 1978 2772; x_wconf 85' lang='lat' dir='ltr'>fallacias</span> <span class='ocrx_word' id='word_1_457' title='bbox 2008 2738 2066 2774; x_wconf 81' lang='lat' dir='ltr'>ex</span> <span class='ocrx_word' id='word_1_458' title='bbox 2087 2721 2370 2787; x_wconf 78' lang='lat' dir='ltr'>sensualibus.</span> 
     </span>
     <span class='ocr_line' id='line_1_40' title="bbox 387 2786 2356 2859; baseline -0.003 -17"><span class='ocrx_word' id='word_1_459' title='bbox 387 2796 625 2859; x_wconf 86' lang='lat' dir='ltr'>disparata,</span> <span class='ocrx_word' id='word_1_460' title='bbox 662 2786 936 2849; x_wconf 71' lang='lat' dir='ltr'>restituenda=</span> <span class='ocrx_word' id='word_1_461' title='bbox 961 2791 1044 2837; x_wconf 82' lang='lat' dir='ltr'>fint</span> <span class='ocrx_word' id='word_1_462' title='bbox 1076 2801 1177 2836; x_wconf 88' lang='lat' dir='ltr'>ante</span> <span class='ocrx_word' id='word_1_463' title='bbox 1199 2789 1361 2840; x_wconf 88' lang='lat' dir='ltr'>statum</span> <span class='ocrx_word' id='word_1_464' title='bbox 1386 2792 1564 2837; x_wconf 85' lang='lat' dir='ltr'>umbrae</span> <span class='ocrx_word' id='word_1_465' title='bbox 1597 2805 1658 2838; x_wconf 82' lang='lat' dir='ltr'>ex.</span> <span class='ocrx_word' id='word_1_466' title='bbox 1686 2789 1896 2854; x_wconf 86' lang='lat' dir='ltr'>jucundis</span> <span class='ocrx_word' id='word_1_467' title='bbox 1917 2802 2124 2836; x_wconf 84' lang='lat' dir='ltr'>amorum</span> <span class='ocrx_word' id='word_1_468' title='bbox 2149 2801 2356 2837; x_wconf 80' lang='lat' dir='ltr'>externo-</span> 
     </span>
     <span class='ocr_line' id='line_1_41' title="bbox 392 2853 2368 2921; baseline -0.004 -10"><span class='ocrx_word' id='word_1_469' title='bbox 392 2877 515 2917; x_wconf 86' lang='lat' dir='ltr'>rum,</span> <span class='ocrx_word' id='word_1_470' title='bbox 548 2873 654 2921; x_wconf 88' lang='lat' dir='ltr'>quae</span> <span class='ocrx_word' id='word_1_471' title='bbox 678 2857 991 2920; x_wconf 74' lang='lat' dir='ltr'>significantur</span> <span class='ocrx_word' id='word_1_472' title='bbox 1014 2870 1104 2917; x_wconf 69' lang='lat' dir='ltr'>perv</span> <span class='ocrx_word' id='word_1_473' title='bbox 1132 2854 1163 2900; x_wconf 84' lang='lat' dir='ltr'><strong>fi</strong></span> <span class='ocrx_word' id='word_1_474' title='bbox 1202 2855 1566 2918; x_wconf 84' lang='lat' dir='ltr'>oppigneraveris</span> <span class='ocrx_word' id='word_1_475' title='bbox 1600 2855 1774 2902; x_wconf 75' lang='lat' dir='ltr'>vestem</span> <span class='ocrx_word' id='word_1_476' title='bbox 1799 2854 1904 2905; x_wconf 86' lang='lat' dir='ltr'>socii</span> <span class='ocrx_word' id='word_1_477' title='bbox 1930 2853 2022 2910; x_wconf 62' lang='lat' dir='ltr'>tui,</span> <span class='ocrx_word' id='word_1_478' title='bbox 2054 2854 2190 2917; x_wconf 86' lang='lat' dir='ltr'>usque</span> <span class='ocrx_word' id='word_1_479' title='bbox 2207 2855 2263 2902; x_wconf 87' lang='lat' dir='ltr'>ad</span> <span class='ocrx_word' id='word_1_480' title='bbox 2289 2857 2368 2903; x_wconf 54' lang='lat' dir='ltr'>in·—</span> 
     </span>
     <span class='ocr_line' id='line_1_42' title="bbox 391 2919 2355 2985; baseline -0.004 -9"><span class='ocrx_word' id='word_1_481' title='bbox 391 2942 504 2977; x_wconf 81' lang='lat' dir='ltr'>trare</span> <span class='ocrx_word' id='word_1_482' title='bbox 525 2924 624 2972; x_wconf 84' lang='lat' dir='ltr'>solis</span> <span class='ocrx_word' id='word_1_483' title='bbox 648 2924 845 2970; x_wconf 86' lang='lat' dir='ltr'>restitues</span> <span class='ocrx_word' id='word_1_484' title='bbox 867 2922 936 2968; x_wconf 86' lang='lat' dir='ltr'>ei:</span> <span class='ocrx_word' id='word_1_485' title='bbox 974 2919 1243 2981; x_wconf 77' lang='lat' dir='ltr'>intelligitur</span> <span class='ocrx_word' id='word_1_486' title='bbox 1266 2921 1408 2976; x_wconf 87' lang='lat' dir='ltr'>enirn,</span> <span class='ocrx_word' id='word_1_487' title='bbox 1444 2921 1568 2985; x_wconf 90' lang='lat' dir='ltr'>quod</span> <span class='ocrx_word' id='word_1_488' title='bbox 1591 2936 1698 2968; x_wconf 79' lang='lat' dir='ltr'>vera</span> <span class='ocrx_word' id='word_1_489' title='bbox 1723 2935 1809 2983; x_wconf 81' lang='lat' dir='ltr'>-per</span> <span class='ocrx_word' id='word_1_490' title='bbox 1845 2920 2029 2968; x_wconf 86' lang='lat' dir='ltr'>fallacias</span> <span class='ocrx_word' id='word_1_491' title='bbox 2051 2920 2197 2970; x_wconf 81' lang='lat' dir='ltr'>ablata</span> <span class='ocrx_word' id='word_1_492' title='bbox 2232 2920 2355 2969; x_wconf 87' lang='lat' dir='ltr'>resti-</span> 
     </span>
     <span class='ocr_line' id='line_1_43' title="bbox 390 2983 2354 3048; baseline -0.004 -6"><span class='ocrx_word' id='word_1_493' title='bbox 390 2992 554 3043; x_wconf 80' lang='lat' dir='ltr'>tuenda</span> <span class='ocrx_word' id='word_1_494' title='bbox 577 2990 672 3045; x_wconf 83' lang='lat' dir='ltr'>fint,</span> <span class='ocrx_word' id='word_1_495' title='bbox 710 3004 817 3035; x_wconf 86' lang='lat' dir='ltr'>curn</span> <span class='ocrx_word' id='word_1_496' title='bbox 836 2989 976 3034; x_wconf 83' lang='lat' dir='ltr'>homo</span> <span class='ocrx_word' id='word_1_497' title='bbox 993 2986 1140 3034; x_wconf 84' lang='lat' dir='ltr'>adhuc</span> <span class='ocrx_word' id='word_1_498' title='bbox 1164 2988 1210 3033; x_wconf 89' lang='lat' dir='ltr'>in</span> <span class='ocrx_word' id='word_1_499' title='bbox 1233 2987 1331 3034; x_wconf 87' lang='lat' dir='ltr'>luce</span> <span class='ocrx_word' id='word_1_500' title='bbox 1344 2987 1438 3034; x_wconf 89' lang='lat' dir='ltr'>veri</span> <span class='ocrx_word' id='word_1_501' title='bbox 1463 2987 1543 3043; x_wconf 90' lang='lat' dir='ltr'>est,</span> <span class='ocrx_word' id='word_1_502' title='bbox 1580 3002 1683 3035; x_wconf 84' lang='lat' dir='ltr'>narn</span> <span class='ocrx_word' id='word_1_503' title='bbox 1703 2999 1809 3034; x_wconf 90' lang='lat' dir='ltr'>tunc</span> <span class='ocrx_word' id='word_1_504' title='bbox 1832 3000 2087 3048; x_wconf 88' lang='lat' dir='ltr'>recuperare</span> <span class='ocrx_word' id='word_1_505' title='bbox 2108 2983 2178 3032; x_wconf 85' lang='lat' dir='ltr'>illa</span> <span class='ocrx_word' id='word_1_506' title='bbox 2194 2988 2354 3048; x_wconf 59' lang='lat' dir='ltr'>‚potest</span> 
     </span>
     <span class='ocr_line' id='line_1_44' title="bbox 392 3049 2365 3121; baseline -0.002 -17"><span class='ocrx_word' id='word_1_507' title='bbox 392 3061 442 3117; x_wconf 67' lang='grc' dir='ltr'>δε</span> <span class='ocrx_word' id='word_1_508' title='bbox 460 3070 642 3121; x_wconf 89' lang='lat' dir='ltr'>quoque</span> <span class='ocrx_word' id='word_1_509' title='bbox 661 3053 873 3109; x_wconf 87' lang='lat' dir='ltr'>discutere</span> <span class='ocrx_word' id='word_1_510' title='bbox 890 3052 991 3099; x_wconf 86' lang='lat' dir='ltr'>falsa</span> <span class='ocrx_word' id='word_1_511' title='bbox 1007 3068 1086 3116; x_wconf 87' lang='lat' dir='ltr'>per</span> <span class='ocrx_word' id='word_1_512' title='bbox 1102 3052 1528 3106; x_wconf 65' lang='lat' dir='ltr'>fallaciasjndutsta3</span> <span class='ocrx_word' id='word_1_513' title='bbox 1563 3068 1652 3099; x_wconf 89' lang='lat' dir='ltr'>non</span> <span class='ocrx_word' id='word_1_514' title='bbox 1677 3064 1824 3100; x_wconf 88' lang='lat' dir='ltr'>autem</span> <span class='ocrx_word' id='word_1_515' title='bbox 1846 3066 1951 3098; x_wconf 90' lang='lat' dir='ltr'>cum</span> <span class='ocrx_word' id='word_1_516' title='bbox 1976 3050 2020 3096; x_wconf 88' lang='lat' dir='ltr'>in</span> <span class='ocrx_word' id='word_1_517' title='bbox 2041 3049 2157 3102; x_wconf 78' lang='lat' dir='ltr'>statu</span> <span class='ocrx_word' id='word_1_518' title='bbox 2178 3053 2365 3101; x_wconf 79' lang='lat' dir='ltr'>umbrae-</span> 
     </span>
     <span class='ocr_line' id='line_1_45' title="bbox 367 3115 2364 3195; baseline -0.003 -23"><span class='ocrx_word' id='word_1_519' title='bbox 367 3178 370 3181; x_wconf 58' lang='grc'><em>,</em></span> <span class='ocrx_word' id='word_1_520' title='bbox 393 3124 457 3191; x_wconf 56' lang='lat' dir='ltr'>est</span> <span class='ocrx_word' id='word_1_521' title='bbox 474 3140 529 3172; x_wconf 80' lang='lat' dir='ltr'>ex</span> <span class='ocrx_word' id='word_1_522' title='bbox 539 3119 749 3189; x_wconf 79' lang='lat' dir='ltr'>jucundis</span> <span class='ocrx_word' id='word_1_523' title='bbox 764 3133 975 3170; x_wconf 87' lang='lat' dir='ltr'>amorum</span> <span class='ocrx_word' id='word_1_524' title='bbox 992 3130 1300 3188; x_wconf 71' lang='lat' dir='ltr'>externorum,</span> <span class='ocrx_word' id='word_1_525' title='bbox 1333 3118 1442 3195; x_wconf 78' lang='lat' dir='ltr'>quia</span> <span class='ocrx_word' id='word_1_526' title='bbox 1451 3117 1657 3189; x_wconf 65' lang='lat' dir='ltr'>jucunda</span> <span class='ocrx_word' id='word_1_527' title='bbox 1667 3119 1765 3170; x_wconf 80' lang='lat' dir='ltr'>haec</span> <span class='ocrx_word' id='word_1_528' title='bbox 1788 3115 1989 3185; x_wconf 83' lang='lat' dir='ltr'>rejiciunt</span> <span class='ocrx_word' id='word_1_529' title='bbox 2011 3115 2112 3185; x_wconf 79' lang='lat' dir='ltr'>illa,</span> <span class='ocrx_word' id='word_1_530' title='bbox 2126 3117 2175 3173; x_wconf 64' lang='grc' dir='ltr'>ἅτ</span> <span class='ocrx_word' id='word_1_531' title='bbox 2193 3118 2364 3186; x_wconf 79' lang='lat' dir='ltr'>umbra.</span> 
     </span>
     <span class='ocr_line' id='line_1_46' title="bbox 392 3197 2365 3236; baseline 0 0"><span class='ocrx_word' id='word_1_532' title='bbox 392 3197 394 3199; x_wconf 68' lang='grc'><strong>’</strong></span> <span class='ocrx_word' id='word_1_533' title='bbox 2256 3199 2365 3236; x_wconf 61' lang='lat' dir='ltr'>nost·-</span> 
     </span>
    </p>
   </div>
  </div>
 </body>
</html>
