2722 3684
609 237 618 243 ,
657 189 958 255 CAPUT
995 188 1491 254 VIGESIMUM
1540 191 2014 277 QJARTUM.
2189 201 2327 286 485

352 312 488 361 verba
511 310 647 360 Libri
665 309 849 360 foederis
866 309 897 333 ’‘
918 313 1022 357 Txxr
1037 328 1056 359 1
1072 326 1121 357 1:
1152 325 1222 359 2.,
1263 309 1415 373 χΑριιιί
1439 309 1688 372 Jeremiam
1725 318 1758 340 “
1779 312 2008 361 Dixerunt
2031 312 2088 362 ad
2107 301 2240 375 eum,
2257 320 2324 367 se·-

351 380 412 427 de
433 379 483 428 &
504 380 592 442 lege
612 376 722 426 illud
741 378 786 425 in
805 376 984 425 auribus
1005 375 1168 436 nostris,
1203 376 1254 424 &
1275 377 1375 438 legit
1394 377 1618 425 Baruchus
1640 378 1686 423 in
1706 377 1887 424 auribus
1910 394 2051 428 eorum
2068 378 2101 403 ’'
2134 397 2287 432 xxxvi
2308 401 2327 433 τ

702 464 704 466 ¹
884 450 919 473 n
1391 445 1400 453 .
1755 444 1764 453 .
1901 446 1908 455 .
2130 446 2182 470 .„
2313 468 2332 479 ι

355 460 432 561 Ξῗ·
466 443 747 578 (Ξὲῑὲῗέυξὲ
749 441 1727 571 {niue-1rffQEOEZssZ'ff‘rssssffp'Zssssss?
1745 445 2166 574 ἑῖἶζὲἴὲἷῖἑῖἔέἕῖἑ.
2198 466 2330 563 3:31

350 573 649 632 bedientiam,
683 575 747 623 ita
769 575 875 622 fidei
898 574 1104 637 primum
1126 575 1176 622 δε
1201 574 1436 630 ultimum,
1471 574 1577 625 ideo
1598 590 1624 621 a
1650 574 1858 623 Domino
1879 577 2011 636 toties
2032 578 2210 628 dietum
2243 580 2325 638 est,

349 639 590 702 Qi'habet
610 643 757 702 aurem
788 639 850 689 ad
875 638 1146 696 audiendum,
1180 639 1331 687 audiat
1349 639 1381 663 '’
1422 651 1474 686 ut
1496 639 1680 687 Matth:
1704 656 1763 688 x1
1785 658 1802 689 ι
1831 657 1905 701 15.
1941 641 2070 706 Cap:
2090 658 2149 690 xr
2164 664 2178 692 1
2196 659 2216 691 1
2240 663 2250 692 :
2275 663 2327 710 9.

348 723 432 770 43.
469 707 628 754 Marc:
657 723 744 754 1v:
771 724 816 771 9.
844 723 923 755 2.ι.
959 706 1090 769 Cap:
1113 721 1239 754 vu:
1272 706 1348 754 16.
1396 705 1528 753 Luc:
1551 719 1676 752 xxv:
1703 720 1780 769 35.
1841 706 1904 754 Et
1921 707 2028 771 quia
2048 724 2129 772 per
2152 709 2324 768 surdos,

349 773 425 821 seu
450 787 542 820 non
559 772 809 829 audientes,
838 771 892 819 'in
915 771 1132 835 spirituali
1171 770 1292 818 sensu
1322 770 1633 832 fignificantur
1654 774 1735 835 qui
1762 786 1853 819 non
1890 773 1937 819 in
1961 775 2057 822 fide
2078 777 2175 823 veri
2199 776 2327 835 sunt,

319 885 325 890 s
347 839 457 902 quia
479 853 581 887 non.
595 839 642 886 in
664 837 926 901 cognitione
949 839 999 885 ὅτ.
1019 837 1124 885 inde
1146 837 1492 901 apperceptione
1515 835 1625 899 ejus,
1659 853 1716 884 n:
1743 839 1886 900 6988.
1907 854 2058 903 9209,
2094 841 2200 895 ideo
2221 843 2326 895 Do·-¹

347 905 518 960 minuS,
553 920 658 953 cum
682 905 853 952 sanaret
875 904 1079 960 surdum,
1114 903 1282 964 immisit
1302 902 1482 966 digitum
1505 904 1550 948 in
1571 917 1700 958 aures
1721 903 1828 961 ejus,
1853 903 1903 950 δε
1927 905 2066 963 dixit,
2103 908 2326 970 equatah,

347 969 435 1019 hoc
451 971 533 1026 est,
569 972 772 1033 aperitor,
806 971 856 1018 &
874 969 1182 1029 statim-»aperti
1192 970 1296 1030 sunt
1312 968 1486 1016 auditus
1508 969 1598 1031 ejus
1618 966 1651 991 ''
1687 968 1851 1021 Mare:
1877 985 1933 1016 v:
1949 986 1966 1017 1
1989 986 2001 1018 :
2027 972 2111 1033 32.‘
2134 989 2211 1034 33.
2240 990 2326 1035 34,

347 1052 377 1149 ἕ
384 1055 409 1097 5
430 1053 442 1083 :
478 1037 613 1149 qizlod
630 1038 786 1083 omnia
790 1035 1243 1149 ὲΜόἰταευΙειὸῙέοωίηὶ
1262 1035 1542 1083 involverint
1564 1035 1613 1082 &
1633 1032 1982 1097 fignificaverint
2005 1035 2139 1086 status
2163 1037 2325 1088 Eccle-

366 1114 1099 1233 1ae9’33l3.eal{illirdliiier3nt†ginnia-
1121 1184 1230 1231 quae
1263 1149 1482 1231 loquutus
1504 1166 1714 1228 Jehovah
1741 1167 1957 1217 faciemus
1980 1169 2031 1219 δε
2064 1169 2326 1229 audiemus,

347 1234 476 1298 quod
501 1233 727 1297 fignificet
744 1234 1057 1295 receptionem
1083 1234 1192 1280 Veri
1219 1234 1503 1296 procedentis
1526 1250 1551 1280 a
1584 1233 1764 1282 Divino
1787 1235 2015 1283 Humano
2049 1237 2244 1286 Domini
2269 1239 2337 1286 ὅτ’

347 1299 656 1349 obedientiam
681 1315 736 1346 ex
758 1299 892 1346 corde
911 1300 960 1346 &
983 1299 1155 1356 anima,
1189 1299 1359 1346 constat
1375 1316 1431 1346 ex
1448 1300 1776 1363 significatione
1790 1301 2002 1348 omnium
2026 1318 2134 1366 quae
2157 1303 2322 1368 loquu-

348 1379 420 1413 tus
440 1366 671 1429 Jebovah‚
707 1365 833 1429 quod
859 1364 943 1411 fint
977 1365 1152 1412 Verum
1195 1366 1440 1428 procedens
1477 1381 1502 1413 a
1538 1366 1720 1413 Divino
1755 1367 1982 1420 Humano
2014 1369 2222 1425 Domini,
2260 1370 2323 1418 de

347 1447 437 1497 qua
461 1431 692 1495 sequitur3
726 1447 784 1479 ex
806 1430 1130 1493 significatione
1153 1429 1310 1487 facere,
1345 1431 1469 1494 quod
1498 1430 1550 1478 fit
1572 1431 1831 1479 obedientia
1850 1432 2101 1490 voluntate,
2138 1435 2200 1481 ita
2222 1450 2320 1482 cor-

346 1500 421 1555 de,
456 1497 513 1544 de
536 1514 625 1561 qua
649 1514 676 1543 n
697 1514 706 1544 :
731 1499 824 1561 928
834 1513 878 1557 5.
899 1512 1022 1559 9311
1053 1517 1068 1550 ·‚
1102 1498 1151 1544 &
1175 1513 1232 1544 ex
1256 1496 1583 1558 significatione
1614 1497 1786 1552 audire,
1818 1499 1945 1562 quod
1972 1498 2025 1546 fit
2057 1500 2321 1561 obedientia

344 1562 597 1620 intellectu,
634 1563 690 1610 ita
712 1563 879 1618 anima,
912 1563 972 1608 de
989 1578 1079 1625 qua
1103 1579 1161 1610 n:
1186 1564 1331 1622 7216.
1358 1563 1502 1625 8361.
1534 1579 1661 1626 9311
1684 1583 1699 1617 ς
1731 1563 1990 1611 obedientia
2014 1580 2071 1613 ex
2092 1567 2227 1613 corde
2252 1566 2320 1614 est

343 1631 602 1678 obedientia
635 1645 692 1677 ex
735 1629 984 1683 voluntate,
1037 1629 1097 1676 ita
1132 1643 1191 1675 ex
1228 1628 1470 1676 affeelione
1500 1627 1700 1682 amoris;
1750 1629 1800 1676 ὅτ.
1837 1630 2095 1678 obedientia
2133 1646 2188 1680 ex
2221 1633 2325 1680 ani-

346 1713 422 1745 ma
459 1695 521 1744 est
560 1694 816 1742 obedientia
855 1710 913 1741 ex
944 1694 1189 1757 intellectu,
1241 1696 1303 1744 ira
1343 1710 1401 1742 ex
1441 1694 1532 1743 fide
1553 1715 1567 1748 ς
1615 1710 1691 1741 cor
1730 1696 1855 1742 enim
1894 1695 2116 1758 fignificat
2155 1698 2320 1746 volun-

345 1775 484 1810 tatem
524 1762 575 1808 &
612 1776 832 1815 amorem,
869 1776 926 1807 n:
967 1762 1094 1822 3883
1119 1759 1176 1806 ad
1205 1762 1346 1824 3896.
1371 1775 1519 1825 7542.
1561 1763 1706 1824 8910.
1745 1775 1894 1823 9050.
1932 1777 2082 1824 9300,
2115 1764 2166 1812 ez
2192 1764 2325 1811 Ani--

273 1859 276 1863 ·
345 1843 420 1876 ma
444 1827 725 1874 intellectum
750 1828 798 1874 &
819 1825 976 1881 fidem,
1012 1841 1070 1874 n:
1097 1841 1241 1888 2930.
1262 1842 1410 1890 9050.
1430 1831 1588 1888 9281·,
1623 1825 1730 1872 inde
1753 1827 1816 1873 est
1839 1828 1964 1890 quod
1987 1828 2162 1876 dicatur
2178 1828 2325 1878 facie--

344 1909 448 1942 mus
471 1894 520 1940 ὅτ.
543 1893 797 1941 audiemuS.
818 1927 826 1937 .
867 1890 1007 1950 Quod
1032 1892 1186 1938 omnia
1216 1908 1324 1955 quae
1344 1893 1558 1956 loquutus
1577 1892 1806 1953 jehovah,
1845 1891 1927 1940 smt
1952 1895 2130 1942 Verum
2156 1911 2321 1960 proce-

339 1961 490 2007 densa
514 1958 688 2006 Divino
706 1958 930 2005 Humano
953 1957 1164 2014 Domini,
1196 1959 1259 2004 est
1284 1958 1388 2021 quia
1411 1972 1552 2004 omne
1589 1973 1750 2004 verum
1773 1957 1892 2004 -inde
1928 1960 2146 2018 procedit,
2183 1963 2310 2024 quod

341 2024 569 2074 Divinum
592 2025 769 2071 Verum
795 2040 886 2072 non
911 2023 1123 2086 procedat
1144 2023 1201 2070 ab
1223 2024 1328 2086 Ipso
1351 2023 1543 2077 Divino,
1580 2021 1652 2070 sed
1677 2038 1702 2070 a
1726 2023 1901 2070 Divino
1922 2025 2171 2085 Humane,
2206 2044 2316 2074 con-

340 2094 423 2140 stat
441 2089 676 2138 manifeste
691 2090 813 2152 apud
833 2089 1086 2149 Johannern
1124 2097 1160 2119 ‘⁶
1179 2090 1332 2137 Deum
1357 2105 1495 2137 nemo
1519 2088 1637 2135 vidit
1659 2104 1886 2152 unquam,
1919 2089 2202 2152 Unigenitus
2232 2091 2273 2138 F
2276 2094 2311 2140 i-

339 2157 442 2213 lius,
480 2157 573 2218 Qi
593 2157 639 2203 in
665 2156 758 2203 sinu
783 2155 945 2212 Patris,
979 2153 1061 2202 Ille
1084 2154 1336 2218 exposuit”
1380 2172 1398 2202 1
1422 2172 1434 2202 ε
1466 2157 1550 2203 18:
1575 2170 1849 2218 quapropter
1869 2156 2101 2205 Dominus
2123 2170 2313 2207 vocatur

268 2252 270 2254 v
341 2223 568 2278 Verbum,
606 2221 726 2269 ibid:
747 2220 892 2269 vers:
925 2239 965 2271 1.
991 2235 1034 2267 2.
1062 2238 1109 2282 3,
1148 2222 1271 2286 quod
1306 2220 1369 2269 est
1402 2221 1634 2267 Divinum
1667 2221 1861 2276 Verum,
1889 2223 1944 2275 ,δε
1980 2221 2148 2271 dicitur
2179 2227 2315 2289 quod*

337 2289 545 2336 Verbum
570 2287 688 2335 Caro
713 2286 895 2335 ‘faetum
923 2287 997 2342 fit,
1035 2285 1120 2334 hoc
1152 2287 1234 2343 est,
1274 2287 1459 2344 Homo,
1494 2285 1616 2333 ibid:
1642 2287 1791 2334 Vers:
1819 2302 1897 2345 14,
1932 2288 1996 2335 ob
2028 2291 2223 2347 causam,
2259 2302 2313 2338 ut
2341 2339 2344 2342 Δ

335 2354 492 2418 Ipsum
520 2354 749 2406 Divinum
788 2350 871 2400 sub
901 2352 1122 2401 Humana
1161 2351 1310 2400 forma
1345 2352 1576 2399 actualiter
1601 2351 1786 2407 ¹Verum
1823 2353 2052 2400 Divinum
2089 2357 2305 2413 doceret:

335 2421 462 2483 quod
489 2420 719 2468 Dominus
742 2420 793 2466 fit
815 2418 971 2483 Ipsum
1000 2418 1225 2468 Divinum
1262 2418 1340 2467 sub
1374 2419 1571 2473 humana
1604 2417 1768 2473 forma,
1803 2418 2010 2478 videatur
2040 2436 2098 2467 n:
2140 2437 2306 2484 9315:

339 2486 445 2533 inde
468 2499 606 2548 patet,
641 2485 762 2548 quod
794 2500 875 2548 per
911 2486 1068 2531 omnia
1098 2501 1205 2547 quae
1238 2485 1454 2548 loquutus
1487 2483 1551 2530 est
1570 2483 1797 2547 Jehovah,
1832 2483 2105 2548 fignificetur
2127 2485 2313 2547 Verum.

335 2552 580 2616 procedens
602 2567 628 2596 a
652 2550 831 2597 Divino
847 2550 1073 2597 Humano
1090 2549 1298 2598 Domini.
1430 2579 1435 2584 ·
1716 2599 1718 2601 ,
1816 2547 1934 2615 ’ἄρῃ
2228 2608 2237 2615 ,

403 2613 550 2681 9399.
588 2615 653 2662 Et
675 2617 845 2678 accepit
877 2615 1103 2663 Moscheh
1130 2617 1412 2677 sanguinem,
1449 2614 1499 2662 ὅτ
1535 2614 1686 2678 sparfit
1719 2614 1849 2679 super
1882 2616 2131 2682 pdpulum,
2177 2619 2314 2682 quod·

336 2683 558 2746 significet
580 2682 912 2744 adaptationem
945 2681 1003 2728 ad
1039 2683 1350 2743 recipiendum
1375 2682 1433 2727 ab
1465 2681 1670 2738 homine,
1706 2682 1878 2730 constat
1900 2699 1958 2730 ex
1979 2684 2304 2746 significatione

337 2749 567 2811 sanguinis
591 2747 808 2802 sacrificii,
841 2747 967 2810 quod
994 2747 1045 2794 sit
1082 2748 1306 2795 Divinum
1334 2747 1507 2803 Verum
1547 2747 1793 2810 procedens
1819 2764 1843 2795 a
1867 2749 2106 2806 Domine,
2132 2751 2190 2797 de
2212 2767 2304 2814 qua

333 2815 465 2879 supra
484 2831 540 2862 n:
567 2829 694 2877 9393
714 2833 732 2867 ·,
756 2814 873 2860 &ex
886 2813 1213 2874 significatione
1232 2814 1432 2876 spargere
1450 2813 1582 2876 super
1601 2813 1843 2876 populum,
1863 2816 1987 2879 quod
2009 2815 2059 2865 fit
2073 2816 2302 2879 adaptata·

331 2881 401 2930 tio
418 2882 472 2927 ad
493 2879 798 2942 recipiendum
818 2879 876 2927 ab
892 2879 1098 2936 homine,
1122 2894 1201 2943 per
1219 2878 1422 2943 spargere
1437 2880 1560 2926 enim
1580 2879 1849 2942 significatur
1866 2881 2073 2938 influere,
2094 2882 2151 2930 ita
2168 2883 2309 2945 adap-

330 2958 459 3000 tare·,
495 2945 723 2995 Divinum
746 2945 871 3004 enim
895 2944 1090 2998 Verum,
1125 2946 1252 3008 quod
1277 2961 1303 2992 a
1333 2945 1555 3000 Domino,
1590 2943 1801 3002 continue
1824 2945 1976 2994 influit
2006 2947 2127 3010 apud
2152 2948 2303 2996 horni-

332 3028 461 3068 nem,
485 3014 545 3060 ’δι
578 3011 680 3058 facit
705 3008 1004 3058 intellectuale
1038 3009 1130 3073 ejus
1149 3031 1165 3064 ·,
1197 3011 1248 3058 δε
1287 3010 1319 3056 fi
1341 3009 1516 3057 credere
1538 3010 1674 3067 velis,
1705 3010 1848 3062 horno
1886 3013 2049 3076 absque
2080 3012 2335 3063 continuo.

335 3077 515 3128 influxu
539 3078 642 3124 Veri
672 3076 833 3124 Divini
865 3076 1150 3139 procedentis
1174 3091 1197 3121 a
1221 3076 1444 3131 Domino,
1481 3073 1658 3138 prorsus
1690 3076 1805 3124 nihil
1830 3079 1973 3141 potest
2004 3081 2228 3143 percipere
2251 3082 2301 3128 ἃ

335 3142 587 3209 intelligere
605 3162 621 3194 ε
656 3142 886 3212 Divinum
909 3158 1108 3210 namque
1125 3143 1306 3216 Verum
1326 3139 1614 3207 procedensa
1636 3142 1849 3194 Domino
1871 3144 1934 3194 est
1952 3145 2041 3205 ,lux
2061 3161 2172 3212 quae
2196 3146 2305 3218 illu-

2160 3222 2307 3260 minat
