2722 3684
365 216 496 282 270
811 187 1906 263 EXODUS.

362 315 481 381 apud
501 312 678 379 spiritus
693 311 837 361 hono!
859 327 963 361 cum
979 309 1024 358 in
1044 308 1433 361 infestationibusa
1449 312 1672 376 spiritibus
1689 313 1817 363 malis
1832 315 1963 371 sunt;
1985 330 2066 380 per
2086 317 2328 368 Maxillam

373 383 651 444 lignificatur
667 378 848 427 affectio
867 378 959 424 veri
979 377 1198 424 interioris
1218 399 1232 433 3
1258 393 1336 442 per
1351 377 1542 425 dextram
1559 379 1775 427 maxillam
1790 381 1968 429 affectio
1986 382 2078 430 veri
2098 399 2156 430 ex
2177 384 2325 439 bono;

375 464 457 512 per
478 447 651 509 alapam
677 443 877 506 infligere
901 441 1170 505 significatur
1191 445 1313 492 actus
1337 443 1531 490 laedendi
1566 443 1689 490 illam
1712 465 1727 498 ς
1774 461 1854 507 per
1874 449 2060 495 tunicam
2084 450 2132 496 ὅτ
2153 450 2331 511 pallium

379 513 654 576 fignificatur
673 524 833 556 verum
854 512 897 555 in
916 508 1061 554 forma
1077 518 1276 563 externa,
1300 523 1326 553 n
1344 524 1356 554 ε
1380 510 1525 571 4677.
1543 522 1667 567 4741
1680 545 1690 557 .
1709 524 1836 573 4742
1860 531 1875 565 ς
1909 523 1996 576 'per
2014 514 2184 562 trahere
2200 516 2333 576 injus

379 578 652 639 fignificatur
678 586 863 621 conatus
892 571 1145 618 destruendi
1166 592 1180 625 ;
1224 588 1304 635 per
1321 573 1502 620 milliare
1519 573 1789 634 fignificatur
1813 575 1856 622 id
1881 578 2007 640 quod
2029 578 2155 626 ducit
2177 580 2232 626 ad
2259 594 2336 625 ve-

378 659 499 698 mm,
541 640 685 689 fimile
709 640 830 685 enim
862 653 941 700 per
972 635 1159 684 milliare
1192 637 1318 700 quod
1354 654 1433 700 per
1462 637 1603 694 viam,
1640 641 1766 700 quod
1801 641 1874 687 via
1906 642 1959 688 fit
1981 645 2105 706 quod
2128 645 2254 691 ducit
2276 644 2333 691 ad

377 723 560 763 verum,
584 704 787 752 videatur
809 719 861 749 n:
889 704 1000 762 527.
1025 716 1047 746 2
1057 718 1168 764 333,
1192 716 1349 765 34773
1371 718 1451 766 per
1468 711 1659 749 mutuum
1678 703 1783 752 dare
1800 706 2073 766 fignificatur
2091 708 2332 764 instruere3

380 770 490 820 inde
509 783 631 834 patet
654 768 765 832 quid
791 767 1060 829 significatur
1084 782 1163 829 per
1186 769 1290 814 dare
1318 768 1504 819 omnibus
1526 771 1598 830 qui
1612 779 1783 831 petunt,
1817 778 1982 834 nempe
2005 773 2211 820 confiteri
2233 789 2335 821 orn-

382 838 457 884 nia
478 837 567 882 suae
585 833 690 880 fidei
715 834 759 879 in
777 832 1032 878 Dominum
1053 852 1067 885 ς
1085 832 1190 895 quod
1207 833 1357 896 itaque
1373 849 1450 880 non
1468 833 1726 892 refistendum
1735 835 1798 893 stt
1814 836 1939 890 malo,
1956 836 2019 883 est
2035 836 2142 900 quia
2161 839 2336 887 malum

382 901 494 949 nihil
518 910 650 946 nocet
680 898 766 944 illis
788 896 865 960 qui
892 897 936 943 in
959 911 1067 942 vero
1091 899 1140 944 &
1162 899 1283 955 bono
1321 899 1439 953 sunt,
1473 899 1558 944 tuti
1596 899 1721 946 enim
1757 901 1853 947 sunt
1875 916 1900 947 a
1924 901 2146 950 Domino.
2216 903 2340 950 Haec

378 968 480 1014 sunt
498 973 605 1027 quae
631 962 710 1010 sub
728 962 812 1009 illis
829 961 1020 1008 Domini
1039 963 1184 1008 verbis
1208 963 1436 1011 recondita
1456 964 1556 1009 sunt
1577 984 1591 1016 ;
1623 965 1671 1011 &
1688 965 1796 1027 quia
1816 961 1890 1012 illa
1908 966 2037 1021 sunt,.
2061 966 2207 1014 solum
2226 968 2339 1016 dicit
2363 1011 2366 1014 .

380 1031 637 1083 Dominus,
676 1026 897 1085 audivistis
933 1025 1042 1089 quod
1071 1025 1227 1074 dietum
1247 1028 1324 1084 lit,
1356 1031 1517 1076 oculum
1545 1038 1628 1088 pro
1664 1029 1792 1086 ocula,
1844 1030 1899 1077 δέ
1923 1030 2081 1078 dentem
2101 1045 2180 1093 pro
2203 1032 2338 1090 dente,

379 1111 473 1144 non
496 1107 649 1141 autem
681 1093 842 1155 plura3
874 1094 980 1155 quia
1007 1107 1085 1154 per
1108 1093 1290 1139 oculum
1317 1093 1587 1154 significatur
1612 1106 1771 1141 verum
1803 1096 1986 1143 interius
2017 1097 2142 1153 fidei,
2185 1099 2232 1144 δε
2257 1115 2338 1161 pet

381 1162 566 1208 dentem
586 1173 744 1204 verum
763 1158 953 1204 exterius
971 1156 1099 1215 fidei,
1135 1170 1183 1204 ut
1204 1159 1248 1204 in
1273 1157 1552 1222 sequentibus
1569 1158 1806 1206 videbitur.
1878 1160 1951 1206 Ex
1970 1160 2037 1208 his
2055 1175 2189 1224 patet,
2223 1180 2340 1227 quo-

381 1225 525 1273 modo
546 1224 791 1277 Dominus,
825 1237 928 1268 cum
954 1223 1041 1268 fuit
1059 1223 1104 1267 in
1127 1226 1318 1279 mundo,
1361 1223 1572 1285 loquutus
1595 1223 1674 1278 est,
1715 1224 1840 1286 quod
1866 1240 2032 1288 nempe
2057 1226 2167 1274 ficut
2189 1228 2340 1278 ubivis

382 1291 431 1338 in
449 1290 607 1336 Verbo
624 1288 801 1334 Veteris
821 1285 1123 1340 Testamenti,
1163 1287 1293 1333 fimul
1310 1302 1392 1350 pro
1413 1287 1609 1346 Angelis
1629 1289 1672 1333 in
1688 1290 1823 1343 coelo,
1860 1290 1909 1335 &
1933 1291 2064 1337 simul
2089 1307 2170 1352 pro
2193 1293 2341 1341 homi-

382 1355 512 1404 nibus
546 1354 592 1400 in
629 1353 819 1406 mundo,
851 1367 954 1398 nam
989 1351 1167 1414 loquela
1202 1351 1344 1415 Ipfius
1378 1350 1465 1398 fuit
1491 1353 1535 1398 in
1563 1351 1604 1398 se
1628 1353 1799 1399 Divina
1823 1355 1870 1401 ὅτ
1897 1355 2102 1410 coelestis,
2142 1359 2250 1419 quia
2283 1374 2341 1406 ex

383 1419 583 1474 Divino,
621 1419 671 1465 &
695 1433 775 1481 per
798 1418 972 1464 coelum
993 1436 1007 1468 ς
1043 1416 1116 1462 sed
1141 1432 1245 1479 quae
1269 1417 1502 1480 loquutus,
1541 1417 1799 1464 fistebantur
1824 1433 1903 1481 per
1926 1421 2029 1466 talia
2052 1437 2154 1484 quae
2177 1424 2344 1470 corres-

381 1486 646 1550 pondebant
666 1485 710 1529 in
729 1483 933 1530 mundo:
972 1481 1047 1529 illa
1071 1498 1174 1544 quae
1192 1482 1552 1544 correspondent,
1594 1483 1730 1530 docet
1755 1484 1899 1531 sensus
1916 1486 2131 1533 internus,
2202 1489 2343 1553 Qod

382 1551 561 1612 alapam
595 1549 802 1609 infligere
836 1547 911 1593 seu
944 1559 1175 1608 percutere
1199 1549 1430 1594 maxillam
1457 1547 1508 1594 fit
1534 1547 1755 1595 destruere
1789 1564 1912 1605 vera,
1958 1564 2081 1613 patet
2104 1567 2129 1598 a
2152 1551 2259 1599 locis
2293 1555 2340 1601 in

382 1616 539 1661 Verbo
568 1615 648 1660 ubi
664 1621 888 1674 percutere
909 1611 1124 1660 maxillam
1157 1612 1354 1668 dicitur;
1389 1614 1439 1659 &
1462 1612 1568 1674 quia
1591 1613 1636 1659 id
1663 1613 1707 1659 in
1732 1615 1935 1676 genuino
1965 1613 2085 1663 sensu
2122 1616 2344 1678 fignificat

382 1679 733 1726 destructionem
758 1679 871 1732 veri,
909 1676 1013 1725 ideo
1036 1678 1081 1724 in
1112 1679 1325 1740 oppofito
1362 1677 1581 1740 fignificat
1621 1678 1968 1728 destructionem
2002 1680 2133 1736 falsu
2169 1683 2212 1730 in
2245 1699 2344 1746 quo

382 1745 503 1793 sensu
525 1744 717 1791 occurrit
739 1743 859 1805 apud
887 1743 1115 1789 Davidem
1157 1751 1194 1772 “
1219 1745 1438 1791 Percuties
1461 1759 1595 1791 omnes
1619 1744 1743 1804 hostes
1769 1761 1877 1792 meos
1898 1747 2137 1802 maxillam,
2179 1749 2342 1798 dentes

382 1811 635 1872 impiorum
673 1807 967 1870 confringes'’
1008 1807 1188 1862 Psalnn
1222 1824 1319 1855 111:
1347 1812 1391 1857 8.
1462 1809 1604 1871 Apud
1640 1810 1848 1857 Micham
1898 1819 1931 1841 “
1959 1813 2092 1874 Virga
2126 1818 2340 1875 percuties

374 1878 505 1939 super
538 1874 756 1922 maxillam
782 1872 984 1936 judicem
1005 1873 1170 1919 Israelis
1186 1872 1218 1895 '’
1248 1889 1327 1919 iv:
1370 1889 1461 1932 14:
1496 1876 1545 1921 ὅτ
1568 1875 1689 1937 apud
1721 1875 1898 1922 Esaiam
1939 1884 1970 1906 “
1991 1879 2189 1926 Fraenum
2214 1879 2338 1941 sedu-

382 1943 510 1988 centis
532 1941 662 2001 super
693 1939 874 1986 maxillis
898 1940 1152 2000 populorum
1169 1937 1201 1956 ''
1227 1954 1348 1985 xxx:
1378 1942 1433 1984 28
1459 1956 1468 1984 :
1505 1938 1635 1985 facies
1668 1942 1790 1987 enim
1814 1941 2031 2004 fignificat
2064 1943 2340 2002 affectiones,

384 2021 444 2052 n:
469 2006 616 2069 4796.
641 2019 787 2067 4797.
812 2018 959 2069 4799.
988 2019 1132 2063 5¹0²·
1166 2005 1309 2065 5695.
1338 2005 1497 2063 6604·,
1538 2005 1641 2051 inde
1664 2006 1740 2052 illa
1766 2021 1870 2068 quae
1895 2005 1995 2053 sunt
2018 2006 2144 2055 faciei
2168 2008 2341 2070 fignifi-

385 2081 490 2117 cant
507 2070 610 2118 talia
626 2085 733 2133 quae
752 2071 849 2116 sunt
861 2069 1155 2115 affectionum
1175 2070 1224 2116 δε
1241 2069 1588 2132 correspondent
1604 2085 1761 2118 eorum
1780 2070 2089 2120 functionibus
2105 2074 2155 2121 &
2172 2075 2339 2132 ufibus,

387 2136 500 2182 ficut
537 2134 692 2182 oculus
733 2134 1009 2182 intellectum
1034 2133 1147 2188 veri,
1193 2149 1317 2180 nares
1340 2134 1675 2196 perceptionem
1695 2137 1789 2183 veri
1813 2157 1828 2190 ;
1869 2136 1944 2183 illa
1967 2153 2074 2200 quae
2096 2138 2185 2187 oris
2224 2139 2342 2198 sunt,

395 2200 507 2247 ficut
530 2200 746 2254 maxillae,
786 2199 917 2254 labia,
959 2210 1156 2259 guttura,
1200 2199 1371 2261 lingua,
1411 2199 1516 2246 talia
1538 2216 1644 2262 quae
1665 2201 1983 2250 enuntiationis
2005 2203 2098 2250 veri
2121 2204 2241 2262 sunt,
2278 2221 2340 2253 n:

499 2265 527 2311 6
550 2265 607 2311 ad
630 2267 779 2323 4805.

396 2279 599 2391 4730502
645 2329 785 2389 Quod
810 2327 960 2376 anim‘a
992 2327 1211 2390 significet
1233 2328 1374 2375 vitam
1400 2327 1693 2391 spiritualem,
1739 2330 1909 2378 constat
1933 2346 1990 2378 ex
2011 2332 2335 2395 significatione

384 2396 567 2448 animae,
605 2393 731 2456 quod
754 2393 806 2440 s1t
830 2392 923 2439 vita
956 2393 1169 2447 hominis,
1210 2393 1283 2439 sed
1326 2394 1416 2439 vita
1456 2395 1560 2440 fidei
1601 2392 1712 2455 ejus,
1751 2410 1859 2457 quae
1881 2396 1944 2442 est
1967 2395 2060 2444 vita
2083 2398 2334 2460 spiritualis.

384 2460 437 2507 In
461 2459 616 2506 Verbo
641 2459 796 2520 paffim
819 2457 983 2505 dicitur
999 2458 1091 2504 Cor
1115 2459 1163 2505 ὅτ.
1191 2457 1375 2513 Anima,
1391 2459 1518 2507 &ibi
1538 2474 1618 2521 per
1637 2459 1730 2505 Cor
1746 2460 2017 2521 fignificatur
2038 2461 2134 2509 vita
2154 2464 2341 2522 amoris,

385 2525 435 2571 Sc
460 2539 539 2586 per
560 2524 760 2570 animam
799 2524 894 2569 vita
930 2521 1064 2570 fidei:
1114 2522 1215 2568 sunt
1261 2522 1437 2570 homini
1473 2524 1592 2572 binae
1614 2523 1839 2571 facultates
1864 2527 2124 2588 recipientes
2147 2530 2288 2577 vitam
2311 2545 2339 2578 a

386 2588 612 2641 Domino,
658 2604 747 2634 una
787 2599 970 2634 vocatur
1003 2587 1226 2643 voluntaS,
1270 2588 1406 2635 altera
1430 2589 1712 2646 in4telle6tus3
1754 2589 1808 2636 ad
1833 2590 2093 2640 facultatem
2128 2610 2234 2658 quae
2256 2609 2339 2643 vo-

382 2665 509 2700 catur
531 2652 754 2708 voluntaS,
781 2653 976 2713 pertinet
998 2667 1141 2707 amor,
1193 2668 1296 2699 nam
1335 2653 1454 2701 bona
1475 2654 1639 2701 amoris
1663 2653 1831 2701 faciunt
1851 2655 1992 2703 vitam
2016 2656 2107 2721 ejus
2130 2679 2144 2712 3
2187 2661 2244 2707 ad
2269 2659 2340 2707 fa-

317 2745 321 2751 «
383 2717 595 2764 cultatem
619 2729 770 2763 autem
794 2732 890 2779 quo
915 2728 1099 2764 vocatur
1123 2717 1383 2773 intellectus,
1407 2720 1604 2781 pertinet
1628 2719 1754 2775 fides,
1779 2735 1885 2767 nam
1911 2737 2014 2770 vera
2036 2723 2143 2770 fidei
2168 2723 2338 2772 faciunt

385 2784 530 2828 vitam
554 2780 645 2843 ejus
670 2802 684 2834 ;
719 2781 793 2827 sed
816 2782 889 2828 hae
913 2783 1034 2828 binae
1059 2781 1169 2827 vitae
1192 2782 1313 2845 apud
1337 2782 1569 2831 hominem
1593 2784 1732 2847 usque
1756 2793 1901 2832 unum
1926 2786 2040 2843 sunt,
2080 2788 2131 2835 &
2154 2803 2260 2836 cum
2285 2804 2335 2835 u·

385 2863 499 2894 num
531 2845 646 2899 sunt,
691 2857 796 2892 tunc
817 2863 925 2909 quae
949 2846 1055 2893 fidei
1081 2846 1198 2900 sunt,
1251 2845 1387 2895 etiam
1425 2849 1589 2895 amoris
1630 2849 1756 2906 sunt‚*
1789 2865 1894 2899 nam
1926 2863 2149 2908 amantur,
2194 2855 2245 2902 ὅτ
2266 2852 2357 2901 vi-

386 2912 528 2959 ciffim
551 2921 660 2975 quae
680 2911 866 2958 amoiris
910 2911 1011 2958 sunt
1046 2912 1184 2958 etiam
1209 2911 1313 2959 fidei
1338 2913 1454 2970 sunt,
1486 2912 1593 2976 quia
1616 2915 1889 2963 creduntur:
1915 2917 2011 2965 talis
2034 2917 2213 2965 vitaiest
2237 2934 2337 2965 om-

385 2978 517 3023 nibus
541 2976 588 3023 in
611 2975 746 3022 coelo.
817 2977 962 3035 Quod
990 2978 1037 3024 in
1061 2978 1216 3024 Verbo
1241 2977 1333 3024 vita
1371 2981 1553 3034 amoriS,
1597 2978 1820 3043 seaquod
1844 2981 1965 3029 idem
1987 2979 2068 3038 est,
2109 2982 2337 3041 voluntas,
2389 2999 2391 3004 ’

370 3041 554 3087 dicatur
571 3056 653 3087 cor
670 3062 690 3095 ··‚
729 3041 778 3088 &
800 3040 923 3103 quod
950 3042 1043 3087 vita
1068 3041 1190 3096 fidei,
1237 3042 1307 3090 seu
1331 3044 1455 3106 quod
1480 3043 1603 3092 idem
1625 3044 1706 3100 est,
1745 3045 2008 3101 intellectus,
2049 3045 2220 3094 dicatur
2241 3049 2335 3096 ani-

374 3121 473 3165 ma,
494 3106 557 3155 est
584 3104 739 3164 causa,
764 3106 872 3171 quia
896 3105 963 3153 illi
983 3105 1062 3170 qui
1090 3107 1136 3156 in
1158 3122 1314 3158 amore
1336 3107 1384 3157 in
1408 3110 1667 3159 Dominum
1685 3109 1802 3167 sunt,
1825 3111 1875 3159 &
1892 3116 2112 3175 vocantur
2133 3113 2336 3163 coelestes

2282 3181 2332 3228 in
