2722 3684
475 194 870 268 CAPUT
929 191 1518 263 DECIMUM
1573 190 2069 264 OCTAVU
2103 184 2211 263 M.
2296 211 2390 286 97

457 328 606 379 8668.
641 325 708 374 Et
724 324 923 373 narravit
937 323 1165 372 Moscheh
1199 323 1356 373 socero
1379 322 1457 372 suo
1477 337 1618 371 omne
1640 323 1768 388 quod
1791 321 1954 371 fecerat
1971 324 2186 386 Jehovah
2206 324 2375 375 Phara-

387 395 470 445 oni
484 391 813 455 &AEgyptiiS,
846 391 974 456 quod
1000 391 1226 454 fignificet
1243 390 1584 456 perceptionem
1608 402 1714 439 tunc
1735 406 1762 437 a
1784 390 1909 438 Vero
1931 391 2111 439 Divino
2133 393 2189 439 de
2209 406 2374 455 poten-

386 459 639 510 εἰει.Βίνίοἰ
658 459 877 507 Humani
897 458 1093 507 Domini
1122 471 1279 506 contra
1312 457 1416 505 illos
1437 457 1518 522 qui
1541 457 1589 505 in
1613 456 1733 505 falfis
1755 455 1942 507 fuerunt
1963 457 2371 518 &infestaverunt,

383 525 560 576 constat
581 540 640 573 ex
665 522 1214 587 fignificationenarravit
1226 523 1469 582 Moscheh,
1501 522 1634 589 quod*
1651 523 1707 572 fit
1728 523 1960 588 perceptio
1981 539 2007 571 a
2026 525 2151 571 Vero
2173 526 2369 582 Divino,

381 592 513 658 quod
539 608 710 642 narrare
733 592 789 640 fit
809 592 1058 658 percipere,
1092 592 1304 640 videatur
1326 607 1387 639 n:
1419 606 1572 656 4209,
1624 592 1677 646 ee,
1699 590 1839 655 *quod
1863 589 2088 650 Moscheh
2114 591 2168 639 fit
2191 593 2368 640 Verum

383 659 636 717 Divinum,
688 674 752 706 n:
794 659 940 722 6752.
967 660 1114 724 6771.
1141 673 1287 720 7010.
1317 674 1464 721 7014.
1488 661 1615 723 7382
1636 678 1653 712 ·,
1701 673 1760 705 ex
1798 655 2191 725 repraesentatiolne
2230 658 2371 706 soceri

385 726 613 784 Moschis,
646 724 776 790 quod
799 726 854 774 fit
873 725 1106 774 Divinum
1125 725 1304 773 Bonum
1328 741 1386 772 ex
1408 713 1506 789 quo
1525 726 1706 780 bonum·
1720 723 2020 789 conjunctum
2035 724 2160 772 -Vero
2176 723 2369 781 Divino,

386 793 445 840 de
468 809 561 857 qua
587 809 616 840 n
637 809 649 840 ι
676 791 820 856 8643.
849 793 1012 854 8644;
1046 808 1106 841 ex
1129 792 1460 855 significatione
1482 806 1624 838 omne
1646 790 1774 854 quod
1795 790 1957 837 fecerat
1978 790 2208 853 Jehovah,
2243 792 2373 853 quod

384 860 572 908 {intilla
593 874 700 922 quae
724 859 830 914 filiis
851 858 1022 907 Israelis
1043 859 1160 907 faeta
1200 858 1373 906 suntin
1392 855 1626 921 AEgypto,
1663 858 1714 906 δε
1747 857 1900 921 postea
1933 856 1978 903 in
2009 857 2216 912 desert03
2261 872 2372 921 quae

384 925 492 990 quia
515 930 564 974 in
588 925 715 973 sensu
737 926 918 973 interno
942 925 1186 974 involvunt
1209 925 1286 972 illa
1306 939 1415 988 quae
1438 924 1554 970 fafia
1574 922 1676 971 sunt
1698 923 1787 971 illis
1820 924 1901 987 qui
1931 921 1990 969 ab
2013 922 2211 970 Ecclesia
2246 923 2372 987 spiri-

384 992 492 1052 tuali
522 991 719 1041 Domini
734 989 933 1049 fuerunt,
966 1007 1019 1039 ac
1041 991 1088 1039 in
1109 1005 1224 1040 terra
1247 990 1459 1039 inferiore
1482 990 1674 1045 detenti,
1710 989 1852 1053 usque
1873 989 1988 1036 dum
2012 989 2247 1037 Dominus
2264 991 2370 1038 Hu-

386 1075 576 1107 manum
603 1058 649 1106 in
678 1057 1050 1132 Seglorificavit,
1068 1057 1256 1106 ·idcirco
1282 1073 1363 1123 per
1386 1056 1463 1104 illa
1494 1057 1632 1104 verba
1653 1056 1930 1116 significatur
1951 1055 2186 1121 perceptio
2204 1056 2262 1104 de
2285 1073 2372 1120 po-

387 1125 527 1174 tentia
551 1124 719 1173 Divini
744 1125 958 1174 Humani
976 1124 1204 1173 Domini:
1237 1124 1367 1189 quod
1388 1122 1453 1170 illi
1475 1123 1555 1187 qui
1588 1123 1648 1170 ab
1682 1122 1882 1170 Ecclesia
1917 1121 2132 1185 spirituali
2170 1122 2370 1170 Domini

390 1191 437 1240 in
464 1204 576 1240 terra
595 1189 807 1239 inferiore
827 1191 999 1242 detenti
1039 1190 1227 1249 fuerint,
1259 1206 1311 1238 ac
1333 1205 1392 1237 ex
1414 1189 1619 1253 potentia
1644 1189 1805 1237 Divini
1833 1189 2043 1236 Humani
2068 1188 2266 1237 Domini
2291 1189 2372 1237 sal-

291 1318 293 1320 ‚
318 1284 325 1293 =
390 1258 509 1316 vati,
559 1257 769 1305 videatur
793 1273 854 1306 n:
892 1259 1040 1320 6854.
1076 1272 1224 1321 7035.
1249 1271 1373 1321 709¹
1403 1257 1482 1304 fin.
1510 1259 1657 1319 7828.
1685 1258 1828 1306 8018.
1857 1256 2005 1316 8054.
2034 1258 2179 1318 8099.
2207 1257 2329 1318 83²¹
2353 1276 2370 1310 3

386 1325 439 1373 &
462 1339 520 1373 ex
543 1324 938 1389 repraesentatione
961 1325 1216 1373 Pharaonis
1245 1321 1669 1388 &,AEgyptiorum‚
1702 1322 1832 1384 quod
1856 1320 1942 1368 sint
1971 1319 2052 1385 qui
2087 1321 2134 1368 in
2168 1319 2286 1370 falsis
2317 1323 2370 1371 δε

387 1391 731 1449 infestaverunt,
782 1389 970 1456 desqua
1005 1407 1069 1439 n:
1112 1405 1261 1455 7097.
1299 1387 1446 1455 7io7.
1484 1404 1536 1453 7¹
1555 1405 1632 1439 10.
1668 1389 1812 1452 7126.
1851 1402 1997 1452 7142.
2037 1401 2183 1451 7220.
2222 1391 2372 1452 7228.

389 1471 603 1588 7381669.
640 1496 840 1586 Propter
864 1518 1012 1572 causas
1034 1519 1222 1596 IsraeliS,
1256 1507 1386 1588 quod
1406 1520 1630 1593 significet
1653 1535 1739 1584 pro
1766 1520 1855 1569 illis
1875 1519 1959 1595 qui
1977 1519 2039 1567 ab
2055 1517 2258 1569 Ecclesia
2282 1521 2371 1586 spi·

386 1589 553 1647 rituali,
586 1589 760 1638 constat
798 1605 856 1637 ex
891 1590 1287 1653 repraelentatione
1323 1587 1515 1646 Israelis,
1550 1587 1677 1652 quod
1702 1586 1788 1635 fint
1825 1603 1908 1652 qui
1945 1586 2004 1634 ab
2020 1585 2221 1636 Ecclesia
2244 1587 2374 1651 spiri·

387 1657 520 1713 tuali,
555 1657 613 1705 de
636 1671 725 1722 qua
748 1671 811 1703 n:
837 1656 985 1716 6426.
1012 1656 1159 1722 6637.
1182 1655 1335 1706 6862.
1359 1655 1506 1704 6868.
1534 1670 1677 1719 7030.
1705 1654 1851 1719 7062.
1879 1655 2023 1718 7198.
2052 1667 2197 1717 7201.
2224 1669 2373 1718 7215.

425 1737 490 1771 22
527 1759 542 1773 .
710 1738 716 1764 ;

388 1739 417 1788 7
457 1739 605 1854 8670.
638 1788 848 1838 Omnem
873 1788 1129 1838 molestiam
1154 1803 1263 1854 quae
1285 1788 1464 1837 invenit
1485 1779 1586 1836 illos
1619 1787 1668 1836 in
1691 1788 1786 1844 via,
1821 1785 1951 1851 quod
1987 1785 2213 1850 fignificet
2246 1785 2374 1835 labo·

383 1871 484 1905 rem
509 1856 924 1914 intentationibus,
956 1856 1129 1910 constat
1151 1871 1210 1904 ex
1236 1854 1562 1918 significatione
1584 1854 1822 1912 molestiae‚
1843 1852 1968 1918 quod
1993 1852 2048 1900 fit
2062 1852 2215 1910 labor,
2239 1853 2371 1918 quod

386 1923 593 1972 molestia
627 1921 683 1971 sit
711 1923 838 1972 labor
869 1923 933 1971 est
957 1924 1065 1989 quia
1087 1922 1365 1987 praedicatur
1394 1922 1453 1970 de
1487 1921 1831 1978 tentationibus,
1867 1920 1915 1968 in
1938 1918 2008 1966 his
2029 1919 2155 1967 enim
2179 1919 2241 1966 est
2265 1919 2373 1983 ipsis

387 1991 473 2055 qui
495 2001 723 2038 tentantur
743 1990 871 2038 labor
890 2003 1044 2038 contra
1065 1990 1173 2038 falsa
1195 1989 1246 2036 &
1273 1990 1408 2046 mala,
1442 1989 1493 2037 ὅτ
1517 2003 1707 2054 quoque
1729 1988 1903 2051 angelis
1919 1984 1984 2032 est
2002 1985 2129 2033 labor
2149 2001 2259 2034 cum
2284 1987 2372 2035 illis

388 2070 442 2105 ut
454 2056 500 2103 in
519 2056 612 2104 fide
626 2068 880 2115 teneantur,
903 2057 955 2105 ὅτ
973 2057 1032 2105 s1c
1045 2058 1091 2104 in
1106 2057 1313 2121 potentia
1325 2055 1566 2110 vincendi;
1587 2056 1638 2104 &
1653 2070 1712 2103 ex
1727 2052 2051 2119 significatione
2068 2066 2177 2114 quae
2194 2051 2372 2102 invenit

387 2122 492 2170 illos
509 2122 557 2170 in
576 2122 667 2180 via,
684 2123 810 2187 quod
829 2122 884 2171 fit
906 2123 1064 2188 quoad
1088 2122 1374 2181 tentationes,
1391 2135 1560 2187 nempe
1578 2121 1725 2183 labor,
1742 2137 1848 2172 nam
1873 2122 1923 2170 in
1941 2117 2018 2166 via
2033 2116 2162 2168 estin
2179 2120 2374 2180 deserte,

384 2189 470 2237 ubi
494 2190 760 2238 tentationes
782 2187 1063 2248 subiverunt,
1107 2190 1166 2239 de
1189 2190 1356 2255 quibus
1378 2188 1521 2254 prius.
1543 2245 1546 2247 ,

459 2257 604 2321 8671.
640 2254 707 2304 Et
728 2257 899 2321 eripuit
921 2256 1023 2304 illos
1035 2256 1267 2320 Jehovah,
1301 2257 1429 2322 quod
1454 2255 1679 2318 significet
1695 2255 2010 2306 liberationem
2028 2274 2055 2305 a
2077 2251 2251 2306 Divina
2268 2253 2372 2302 Do-

386 2321 504 2372 mini
527 2336 636 2385 ope,
670 2321 843 2373 constat
862 2338 920 2372 ex
944 2322 1271 2387 significatione
1291 2324 1483 2388 eripere,
1515 2323 1644 2387 quod
1666 2323 1721 2374 fit
1741 2323 1980 2380 libet-atim
2015 2323 2143 2389 quod
2157 2320 2370 2381 Jehovah

386 2389 443 2438 fit
466 2389 696 2441 Dominus
719 2389 766 2437 in
783 2389 964 2447 verbu,
1004 2391 1212 2439 videatur
1249 2406 1310 2439 n:
1357 2405 1500 2454 ¹343·
1531 2390 1676 2457 1736.
1704 2394 1850 2452 1815.
1877 2405 2025 2455 2447·
2051 2404 2197 2455 2921.
2222 2402 2369 2451 3⁰35·

365 2453 538 2519 ⁶5o41.
564 2455 711 2518 5663.
736 2456 884 2521 6289.
910 2457 1057 2520 6303.
1082 2459 1228 2522 6905.

456 2522 607 2584 8672.
641 2521 708 2571 Et
730 2523 912 2587 gavisus
933 2522 998 2575 est
1014 2524 1179 2587 Jethro
1201 2523 1334 2588 super
1353 2521 1487 2572 omni
1509 2521 1633 2571 bono
1668 2521 1795 2587 quod
1826 2521 1937 2572 fecit
1958 2520 2173 2584 Jehovah
2201 2517 2374 2577 Israeli,

388 2587 519 2652 quod
536 2587 759 2650 significet
777 2589 940 2640 statum
963 2590 1129 2640 Divini
1154 2590 1288 2647 Boni,
1321 2605 1430 2639 cum
1464 2588 1706 2638 succedunt
1727 2589 1905 2649 omnia,
1938 2589 2112 2638 constat
2131 2603 2192 2636 ex
2209 2602 2375 2651 reprae·

389 2654 636 2703 sentatione
659 2654 908 2716 JethroniS,
942 2656 1070 2724 quod
1092 2657 1149 2706 fit
1172 2657 1404 2706 Divinum
1428 2657 1632 2713 Bonum,
1665 2656 1723 2702 de
1743 2670 1838 2720 qua
1860 2657 1992 2722 supra
2013 2671 2074 2705 n:
2094 2655 2229 2718 8643
2250 2674 2267 2708 ·,
2316 2667 2375 2701 ex

392 2720 723 2784 significatione
757 2724 940 2784 gavisus
972 2724 1106 2789 super
1140 2723 1272 2772 omni
1304 2724 1447 2781 bonu,
1481 2737 1590 2770 cum
1624 2721 1896 2786 praedicatur
1925 2722 1987 2772 de
2015 2714 2197 2772 Divino
2225 2720 2375 2775 Bone,

387 2787 522 2853 quod
559 2803 641 2851 per¹
660 2787 934 2849 Jethronem
970 2790 1336 2855 repraesentatur,
1368 2789 1498 2854 quod
1536 2788 1590 2837 fit
1620 2788 1755 2836 status
1780 2788 1901 2851 illius
1918 2788 2068 2843 Boni;
2103 2803 2210 2835 nam
2235 2786 2372 2833 status

393 2854 579 2911 Divini,
613 2869 723 2915 cum
747 2855 921 2904 bonum
943 2859 999 2906 fit
1018 2857 1142 2913 coelo
1163 2873 1215 2905 ac
1237 2857 1413 2920 angelis
1436 2856 1519 2914 ibi,
1555 2867 1658 2904 tum
1700 2853 1914 2904 Ecclefiae
1937 2871 1987 2903 ac
2008 2852 2187 2904 homini
2209 2852 2291 2908 ibi,
2327 2851 2378 2898 in

393 2921 558 2969 Verbo
580 2922 854 2986 exprimitur
874 2938 955 2986 per
982 2921 1240 2981 Gaudium,
1275 2922 1351 2970 sed
1385 2922 1520 2986 quale
1545 2922 1665 2970 istius
1699 2922 1856 2983 gaudii
1879 2922 1944 2970 est
1967 2922 2013 2970 in
2037 2918 2376 2982 comprehensi·

394 2986 507 3044 bile,
540 2989 650 3052 quia
671 2988 736 3037 est
758 2988 962 3038 Infiniti:
1013 2989 1141 3054 quod
1173 2990 1311 3037 etiam
1342 2988 1583 3037 Gaudium
1604 2987 1847 3037 Infinitum
1870 2986 1923 3038 fit
1946 3000 2130 3053 propter
2157 2984 2383 3047 receptio-

391 3070 506 3103 nem
530 3054 641 3102 boni
662 3056 722 3104 ab
745 3055 832 3104 illis
853 3058 938 3122 qui
955 3056 1003 3104 in
1026 3056 1228 3105 Coelo&
1245 3057 1293 3103 in
1318 3053 1535 3112 Ecclesia,
1567 3054 1766 3118 constare
1784 3055 1934 3120 potest
1955 3070 2012 3102 ex
2031 3053 2209 3102 Divino
2226 3052 2381 3099 Amo-

390 3137 465 3179 re,
498 3121 581 3186 qui
604 3137 713 3187 erga
745 3124 905 3174 Genus
928 3124 1186 3172 humanum
1209 3122 1275 3170 est
1308 3122 1535 3177 infinitus,
1586 3137 1650 3169 n:
1687 3123 1835 3183 864'4,
1870 3134 1973 3170 nam
1998 3135 2136 3169 omne
2158 3118 2382 3182 gaudium

384 3187 462 3236 ‘est
488 3190 696 3241 amoris:
745 3205 805 3244 ex
839 3191 917 3242 his
951 3203 1092 3258 patet,
1125 3189 1251 3256 quod
1290 3204 1373 3255 per
1373 3188 1590 3303 Ngavisus
1627 3186 1694 3238 est
1711 3187 1877 3251 Jethro
1911 3187 2041 3253 super
2083 3184 2216 3236 omni
2239 3185 2385 3298 bong)<3

507 3290 513 3295 .
546 3295 549 3298 ,
2257 3264 2318 3313 qu
