2722 3684
429 232 564 298 514
838 208 937 276 E*
1022 210 1123 280 ··X
1229 209 1311 284 ‚O
1451 213 1525 278 D
1667 211 1795 280 U<
1869 198 1934 278 S.

426 329 608 378 Divino
629 327 755 375 Vero
777 327 825 374 in
849 338 963 375 terra
981 348 996 383 3
1031 343 1168 376 nexus
1189 327 1313 375 enim
1335 330 1570 380 continuus
1592 328 1654 377 est
1669 346 1693 377 a
1713 330 1921 379 Domino
1943 345 2024 394 per
2045 329 2214 379 coelum
2240 330 2382 396 usque

423 394 480 442 ad
507 394 740 442 hominem
759 408 837 456 per
855 393 1062 442 Verbum
1083 411 1094 441 ε
1130 409 1181 440 ea
1198 392 1325 441 causa
1341 394 1423 451 est,
1457 394 1581 459 quod
1607 395 1778 458 semper
1802 397 2092 458 provideatur
2114 413 2136 443 a
2153 397 2377 454 Domino,

422 472 477 507 ut
500 461 544 507 in
569 472 686 507 terra
708 458 759 506 fit
791 457 1002 515 Ecclefia,
1042 458 1129 510 ,ubi
1163 458 1395 507 Divinum
1426 461 1598 507 Verum
1625 459 1678 507 fit
1702 461 1747 508 in
1771 461 1851 509 suo
1874 461 2056 508 ultimo.
2126 462 2239 510 Hoc
2262 477 2379 509 arca·

423 540 537 574 num
561 524 642 581 est,
674 524 798 587 quod
822 539 958 572 nemo
979 522 1127 570 adhuc
1156 523 1251 579 scit,
1300 525 1351 572 &
1374 525 1500 587 quod
1537 525 1804 588 intelligitur
1828 541 1906 590 per
1929 526 2004 572 illa
2033 542 2140 589 quae
2164 543 2190 572 n
2213 545 2224 574 ε
2250 543 2278 588 9
2286 542 2377 588 357

421 590 475 636 &
503 591 649 653 9360,
682 590 812 637 allata
841 589 961 662 sunt.
1031 588 1235 663 Cavea-nt
1271 589 1423 663 itaque
1460 589 1538 638 fibi
1575 605 1750 646 omneS‚
1805 607 1859 637 ne
1884 590 2090 638 Verbum
2127 591 2218 638 ullo
2242 594 2383 639 modo

423 656 592 786 1πὲῗέ
595 671 760 792 inge}
777 654 928 774 (diesid
937 652 1071 782 (ἐξὲξ
1075 651 1524 782 ῃίὲὲιξίἓὶίέεῗςῗὲζιάῃέ
1531 672 1578 767 ffi
1603 654 1854 777 ξιῗιιιωῑξὲτῐ,
1893 719 2064 768 constat
2085 736 2141 769 ex
2165 721 2379 784 fignifica-

424 786 548 835 tione
581 786 653 833 sex
684 785 881 840 dierum,
940 784 1064 845 quod
1090 784 1140 831 fit
1164 783 1295 857 status
1328 786 1494 858 laboris·
1515 787 1566 833 δε
1587 798 1774 858 pugnae,
1809 786 1864 832 de
1896 802 1987 849 qua
2011 803 2037 832 n
2059 804 2078 859 :-
2097 801 2206 848 737.
2234 790 2258 834 8
2268 802 2388 846 510„

428 853 572 900 8888.
600 854 724 912 8975
747 870 761 903 3
795 849 922 912 quod
947 849 998 895 fit
1021 849 1158 896 status
1180 865 1290 903 veri,
1325 850 1388 896 est
1417 866 1524 913 quia
1556 853 1647 898 b1n1
1683 851 1811 897 status
1837 851 1931 897 sunt
1956 852 2130 898 homlni
2153 851 2231 912 qui
2255 851 2386 913 rizge·

424 927 602 962 neratur
618 932 644 964 a
661 916 869 962 Domino
885 934 901 968 3
922 915 1095 976 primus
1112 913 1243 960 status
1259 915 1419 962 dicitur
1436 916 1565 963 status
1586 915 1696 971 veri,
1721 916 1769 963 δε
1787 916 1896 962 alter
1914 916 2047 962 status
2065 916 2229 963 dicitur
2245 915 2381 964 status

425 981 531 1029 boni
553 1002 568 1035 3
603 980 727 1045 quod
752 980 923 1042 primus
949 979 1080 1026 status
1102 978 1275 1027 dicatur
1298 979 1433 1028 status
1454 982 1564 1036 veri,
1585 980 1646 1027 est
1661 982 1768 1044 quia
1784 994 1892 1028 tunc
1917 981 2059 1028 homo
2082 981 2386 1029 introducitur

423 1061 503 1110 per
520 1047 693 1104 Verum
724 1046 778 1092 ad
801 1046 972 1092 bonum
994 1065 1008 1099 3
1042 1046 1092 1092 &
1114 1046 1236 1108 quod
1261 1045 1372 1093 alter
1393 1045 1525 1094 status
1543 1046 1714 1093 dicatur
1730 1045 1861 1092 status
1878 1046 2000 1102 boni,
2035 1046 2099 1093 est
2113 1047 2219 1110 quia
2238 1047 2383 1094 homo

421 1127 532 1159 cum
556 1112 599 1158 in
627 1112 749 1158 bono
771 1110 850 1167 est,
887 1109 1167 1158 introductus
1201 1112 1299 1164 est3
1335 1112 1384 1158 δε
1407 1127 1592 1175 quoque
1622 1126 1729 1158 cum
1764 1112 1907 1158 homo
1944 1111 1987 1157 in
2026 1112 2133 1158 statu
2172 1113 2267 1159 veri
2300 1111 2383 1168 est,

423 1190 548 1226 extra
570 1177 741 1224 coelum
765 1175 845 1231 est,
897 1189 943 1222 at
966 1191 1073 1222 cum
1094 1176 1141 1248 in
1166 1176 1286 1223 bono
1306 1176 1399 1250 est,·
1421 1176 1464 1222 in
1487 1177 1609 1224 coelo
1637 1176 1715 1231 est,
1753 1176 2111 1250 itaintroducstuq
2133 1177 2190 1224 ad
2218 1177 2385 1226 Domi.-

422 1258 579 1371 33203
601 1241 1718 1378 {45‘553352313‘23‘}¹232ff0532502523222ffl
1739 1242 2386 1356 ἔῆἒ“.ἓῗέ.ἔ3“ςὲἑ“ῆέἶῖοἱίῗῖ

421 1371 503 1428 est,
539 1385 647 1420 tunc
669 1372 712 1418 in
736 1372 885 1435 quiete
903 1372 952 1418 δε
972 1386 1017 1444 tn
1034 1370 1276 1444 tranquillo
1299 1371 1420 1435 pacis
1443 1371 1536 1417 est:
1572 1371 1646 1418 ille
1666 1371 1800 1419 status
1821 1372 1902 1443 est,
1939 1373 2021 1435 qui
2045 1371 2389 1434 repraesentatus⁴

420 1436 486 1484 est
508 1436 554 1484 in
578 1438 734 1485 Verbo
760 1451 838 1499 per
861 1437 936 1483 sex
959 1435 1053 1483 dies
1074 1450 1152 1498 qut
1178 1436 1438 1500 praecedunt
1470 1436 1716 1499 septimum
1737 1457 1750 1491 3
1791 1435 1865 1483 hic
1887 1450 2035 1485 autem
2059 1437 2193 1485 status
2214 1437 2278 1485 est
2300 1437 2380 1501 qui

424 1501 763 1565 repraesentatus
780 1501 842 1547 est
862 1515 939 1564 per
956 1500 1080 1548 diem
1096 1500 1340 1565 septimum
1359 1501 1431 1549 'seu
1451 1500 1734 1558 sabbathum,
1755 1502 1961 1549 videatur
1979 1518 2006 1548 n
2028 1518 2038 1548 ε
2066 1505 2210 1566 8890.
2238 1505 2330 1564 889
2337 1519 2382 1565 3.

464 1581 574 1628 274·
646 1568 720 1614 De
742 1566 859 1614 binis
882 1566 970 1613 illis
993 1565 1193 1623 statibus,
1227 1566 1304 1629 qui
1329 1579 1543 1615 vocantur
1576 1567 1712 1614 status
1735 1566 1827 1614 veri
1854 1568 1901 1613 &
1928 1567 2062 1614 status
2096 1567 2224 1625 boni,
2259 1567 2389 1631 apud

422 1585 659 1681 {ominem
682 1631 762 1696 qui
787 1644 1086 1694 regeneratur,
1121 1632 1359 1681 videa-ntur
1382 1648 1487 1696 quae
1503 1633 1655 1695 ample
1673 1634 1794 1696 prius
1817 1648 1874 1679 n:
1902 1647 2046 1694 7923.
2073 1647 2219 1697 7992·
2240 1638 2263 1680 8
2272 1648 2383 1695 505„

428 1700 571 1759 8506.
600 1701 742 1758 8510.
780 1701 925 1760 8513.
964 1697 1106 1757 8516.
1147 1701 1291 1760 8539.
1329 1697 1475 1760 8643.
1512 1698 1652 1758 8648.
1693 1699 1834 1758 8658.
1874 1697 2016 1757 8685.
2057 1701 2197 1760 8690.
2238 1700 2387 1760 8701..

428 1768 572 1828 8722.
600 1766 741 1827 8772,
766 1778 1079 1836 913959224.
1104 1776 1253 1825 9227.
1278 1778 1423 1839 9²30:
1448 1778 1596 1837 9274,
1629 1762 1799 1811 ostensa
1823 1762 1967 1838 sunt..

497 1844 641 1901 9432.
681 1827 744 1874 Et
765 1840 948 1875 vocavit
970 1826 1024 1875 ad
1050 1827 1344 1901 Moschenjn
1368 1828 1441 1901 dre
1465 1829 1672 1902 septi-mo,
1707 1828 1833 1904 quod
1860 1828 2078 1890 figmficet
2100 1843 2204 1875 cum
2231 1843 2386 1876 verum

422 1892 1211 2070 {Zffssffffssssssussss’sssszjffffkiffif'e‘ffl
1218 1892 1852 2072 ἓὲῗᾶἲξξξᾍὲὲῗάἷξῖἶέἕ
1874 1893 2389 2023 2‘3‘¹33„2‘3s¹{5‘ds{²{;‡f;·

426 2041 472 2071 νι
507 2037 663 2071 eantur
717 2040 791 2071 uae
814 2039 932 2071 nunc
974 2040 1005 2070 u
1041 2039 1086 2071 ra
1104 2040 1132 2071 n
1153 2040 1168 2070 :v
1301 2042 1341 2079 r,
1407 2040 1424 2071 -1
1473 2040 1498 2071 a
1541 2036 1635 2072 unt.
1911 2048 1914 2050 v

493 2105 640 2152 9433.
678 2038 897 2136 {medio
930 2039 1078 2144 nugis,
1112 2040 1486 2152 qu3d4i1gnificet
1515 2105 1572 2137 ex
1603 2088 1788 2137 obscuro
1817 2089 1941 2154 quod
1966 2089 2106 2152 priuS,
2141 2089 2308 2137 constat
2332 2105 2389 2137 ex

427 2155 750 2217 significatione
773 2154 923 2211 nubis,
965 2154 1091 2218 quod
1118 2154 1170 2201 fit
1193 2154 1407 2203 ultimum
1431 2155 1587 2211 Verbi,
1622 2155 1746 2219 quod
1780 2154 2019 2203 obscurum
2046 2155 2105 2203 ita
2128 2155 2392 2219 respective,

425 2221 484 2268 de
501 2235 592 2284 qua
609 2219 740 2282 supra
760 2235 787 2266 n
809 2236 827 2266 ε
848 2235 980 2284 9430
1000 2237 1013 2268 ε
1047 2220 1173 2281 quod
1201 2221 1335 2267 nubes
1358 2219 1404 2267 id
1423 2220 1493 2276 fit,
1527 2220 1591 2267 est
1613 2222 1722 2284 quia
1742 2220 1966 2268 Divinum
1986 2222 2180 2276 Verum,
2214 2220 2337 2283 quod
2362 2237 2391 2268 a

428 2286 661 2341 Domino,
696 2283 919 2349 nusquam
942 2299 1154 2349 apparere
1172 2285 1318 2349 potest
1341 2287 1388 2333 in
1413 2285 1510 2350 ipso
1523 2283 1680 2349 jubare
1699 2285 1748 2332 in
1763 2301 1858 2349 quo
1881 2287 1961 2342 est,
1997 2286 2054 2333 fic
2076 2286 2198 2332 enim
2222 2287 2391 2349 periret

427 2351 587 2407 homo,
623 2366 729 2398 nam
750 2366 808 2397 ex
829 2351 927 2399 luce
951 2350 1046 2398 veri
1078 2350 1208 2414 plane
1226 2361 1523 2399 occaecaretur
1543 2350 1642 2415 ejus
1660 2350 1974 2408 intelleetuale,
2008 2351 2059 2398 δε»
2080 2351 2144 2398 ab-
2160 2351 2265 2414 igne
2281 2350 2395 2398 boni·

354 2415 358 2419 ’
428 2418 560 2479 plane
578 2416 934 2476 exstingueretur
951 2415 1043 2477 ejus
1061 2416 1393 2474 voluntarium,
1429 2417 1486 2464 ita
1502 2431 1643 2464 omne
1663 2418 1775 2466 vitae‘
1786 2417 1879 2478 ejus
1895 2415 2211 2464 annihilaretur
2233 2435 2248 2471 3
2285 2416 2394 2463 inde

426 2481 507 2538 est,
542 2481 670 2546 quod
695 2481 925 2529 Divinum
949 2481 1121 2531 Verum
1163 2482 1532 2529 accommodetur
1565 2482 1714 2546 captui
1747 2481 1959 2544 cujusvis,
1992 2482 2041 2530 δι
2082 2481 2207 2546 quafi
2250 2481 2392 2529 obve-

427 2548 542 2595 letur
564 2547 696 2604 nube,
746 2546 882 2595 eitam
905 2547 1022 2610 apud
1043 2547 1267 2611 AngeIOS,
1318 2565 1346 2594 n
1371 2566 1384 2596 ε
1410 2549 1573 2614 68493
1621 2547 1947 2595 obvelatio-'illa
1969 2547 2090 2610 apud
2118 2545 2293 2609 spiritus
2312 2562 2397 2610 ap-

430 2624 555 2675 paret
578 2612 687 2660 ficut
710 2613 866 2668 nubes,
899 2613 1113 2660 denfitate
1137 2614 1186 2660 ὅτ
1208 2615 1424 2661 tenuitate
1449 2612 1693 2674 secundum
1717 2611 1909 2674 cujusvis
1927 2611 2246 2675 receptionem.
2284 2611 2402 2659 Hoc·

431 2678 699 2739 intelligitur
723 2694 801 2740 per
835 2679 932 2725 haec
964 2678 1088 2741 apud
1127 2678 1310 2725 Esaiam
1345 2687 1378 2709 “
1402 2679 1536 2728 Creat
1568 2678 1766 2741 Jehovah
1793 2681 1927 2741 super
1957 2693 2074 2726 omne
2109 2676 2402 2734 habitaculum

431 2744 579 2791 montis
603 2744 758 2798 Zionis‚
800 2744 856 2792 δέ
867 2746 997 2807 super
1019 2745 1327 2793 convocationes
1347 2745 1434 2804 ejas
1455 2745 1602 2792 nubem
1624 2743 1827 2800 interdiu,
1880 2759 1932 2791 ac
1941 2745 2112 2806 fumum
2137 2742 2193 2804 {2²
2204 2741 2397 2804 splendu-

432 2826 520 2857 rem
542 2810 648 2870 ignis
657 2807 846 2870 flammae
868 2814 1024 2864 noHu3
1058 2825 1159 2858 nam
1169 2810 1302 2878 super
1322 2812 1435 2858 omni
1448 2811 1593 2875 gloria
1617 2810 1966 2872 obtegumentum,
2003 2810 2058 2859 ὅ
2080 2810 2298 2872 tugurium
2315 2810 2398 2856 erit

433 2878 477 2922 in
500 2874 692 2921 umbram
721 2874 906 2933 interdiu
929 2875 985 2922 ab
1005 2875 1176 2931 ardore,
1228 2892 1280 2922 ac
1301 2877 1346 2924 in
1368 2878 1578 2939 refugium
1600 2875 1657 2924 ἐξ
1677 2877 1724 2923 in
1745 2875 1969 2923 latibulum
1991 2884 2136 2923 contra
2158 2872 2398 2922 inundatio-

436 2956 526 2986 nem
550 2939 605 2988 &
629 2948 775 2986 contra
795 2939 988 3000 pluviam
1006 2940 1038 2960 '’
1070 2956 1158 2987 tv:
1187 2957 1229 2999 5.
1257 2941 1304 2999 6,
1341 2941 1650 3002 habitaculum
1684 2941 1849 2989 montis
1867 2939 2030 2989 Zionis·
2058 2939 2119 2988 est
2152 2940 2323 2992 coelurn
2347 2940 2399 2985 &

439 3004 633 3051 Ecclefia
654 3025 669 3059 3
691 3005 1035 3062 convocationes
1057 3006 1150 3068 ejus
1175 3004 1274 3053 sunt
1297 3009 1417 3055 bona
1438 3009 1486 3055 δε
1506 3002 1608 3054 ¹vera
1628 3028 1643 3062 3
1677 3006 1815 3053 nubes
1835 3006 2047 3064 interdiu,
2067 3005 2219 3052 fumus
2241 3003 2399 3059 noctu,

436 3084 489 3118 ac
510 3069 906 3131 obtegumenturn,
941 3069 1004 3116 est
1042 3071 1270 3119 obvelatio
1308 3074 1403 3120 veri
1426 3073 1607 3130 Divini,
1646 3071 1706 3119 ita
1745 3071 2113 3120 accommodatio
2152 3067 2399 3117 secundum
2471 3100 2473 3103 -

437 3145 618 3199 captum
639 3155 654 3190 3
707 3136 830 3198 quod
855 3134 1002 3199 gloria
1025 3133 1152 3200 super
1174 3152 1264 3199 qua
1305 3139 1685 3203 obtegumentum
1709 3138 1763 3186 fit
1785 3136 2013 3186 Divinum
2033 3137 2221 3249 Verurln)
2234 3133 2356 3208 quod
2375 3148 2404 3182 a

1878 3226 1881 3229 >
2225 3213 2405 3260 omme,
