2722 3684
347 2821 353 2827 ¹
429 2813 557 2861 nebit
579 2812 708 2861 nobis
730 2816 824 2875 igne
844 2813 1070 2864 comedente
1089 2838 1104 2871 3
1138 2818 1239 2881 quis
1259 2817 1458 2864 manebit
1483 2817 1611 2863 nobis
1622 2817 1735 2880 focis
1757 2815 2011 2872 ‘eternitatis

433 197 564 281 '516
756 223 761 228 -
876 194 940 261 E
1077 194 1160 263 X
1292 195 1347 262 o
1490 197 1566 265 D
1707 198 1779 265 ts
1909 196 1976 265 S.

432 316 597 382 absque
621 332 772 366 amore
795 317 970 382 prorsus
993 319 1119 367 nulla·
1141 319 1231 367 vita
1254 318 1315 368 est
1336 341 1350 376 ;
1384 323 1617 380 examore
1635 319 1759 370 enim
1778 318 1921 369 cuivis
1955 317 2022 369 est
2044 316 2155 370 vitae
2172 319 2267 386 ejus
2286 322 2417 372 calor

434 383 654 446 &ignis;
690 384 816 448 quod
840 384 1005 450 absque
1029 384 1173 432 calore
1200 388 1249 434 δε
1290 385 1395 449 igne
1432 386 1557 434 vitali
1601 388 1656 436 fit
1695 387 1816 436 nulla
1840 387 1950 443 vita,
1986 384 2221 435 manifeste
2248 402 2376 451 patet
2401 411 2416 445 ;

433 450 539 500 inde
565 451 780 514 sequitur,
816 452 942 516 quod
967 450 1107 513 qualis
1124 449 1186 497 est
1220 466 1364 508 amor,
1400 452 1495 500 talis
1521 452 1573 500 fit
1608 454 1718 509 vita,
1756 452 1962 516 proinde,
1999 453 2141 517 qualis
2163 453 2226 501 est
2259 470 2411 512 amor,

430 515 532 562 talis
564 516 615 563 sit
639 516 815 564 homo:
848 519 1130 582 quapropter'
1148 517 1334 580 quisque
1357 532 1414 564 ex
1450 518 1465 566 i,
1502 517 1553 564 fis
1577 517 1663 565 suis
1685 519 1919 566 amoribus
1952 517 2057 566 scire
2092 520 2256 581 potest,
2293 536 2404 568 num

433 580 607 629 coelum
632 580 676 629 in
703 581 780 629 illo
806 582 872 639 fit,
909 579 980 628 vel
1005 596 1114 629 num
1135 581 1375 631 infernum.
1499 596 1597 631 mor
1613 583 1677 630 est
1697 583 1805 631 ficut
1823 582 1939 646 ignis
1960 597 2037 631 aut
2062 583 2258 632 flamma
2283 587 2409 649 apud

435 647 690 703 hominem,
726 648 774 694 δε
797 648 858 695 est
882 660 1066 711 quoque
1090 648 1207 710 ignis
1233 647 1306 697 seu
1331 648 1516 698 flamma
1539 650 1705 706 vitalis,
1741 662 1795 699 ut
1817 649 1989 696 dictum
2014 647 2092 705 est,
2134 650 2185 697 δε
2207 650 2318 697 fides
2340 650 2406 700 est

434 712 544 771 ficut
566 713 645 761 lux
669 725 725 758 ex
750 711 824 760 illo
842 712 946 777 igne
973 713 1045 759 seu
1064 726 1122 760 ex
1140 711 1213 760 illa
1234 712 1435 772 flamma,
1457 716 1506 763 &
1525 731 1718 779 quoque
1736 714 1801 763 est
1824 715 1903 763 lux
1928 730 2036 778 quae
2054 714 2280 774 illuminat
2296 716 2410 764 inte-

432 779 551 826 riora
567 776 663 839 ejus
683 777 963 826 intellectus:
999 778 1104 826 inde
1126 793 1310 843 quoque
1334 793 1474 844 patet,
1514 780 1660 845 qualis
1683 781 1764 828 lux
1798 794 1857 827 ex
1878 794 1967 843 qua
1995 781 2108 828 fides
2133 777 2220 828 illis
2255 778 2338 845 qui
2365 783 2410 830 in

431 857 587 891 amore
612 840 814 891 infernali
839 842 974 898 sunt;
1008 845 1135 908 quod
1161 861 1218 892 ex
1243 845 1323 892 hac
1341 849 1438 893 luce
1463 846 1513 894 lit
1538 846 1647 894 fides
1667 842 1931 908 persuasura,
1966 861 2070 910 quae
2094 845 2138 892 in
2162 844 2205 892 se
2232 862 2321 893 non
2344 846 2410 895 est

432 909 564 966 fides,
602 908 673 956 sed
696 908 919 973 persuasio
941 909 1066 971 quod
1091 911 1151 957 ita
1174 911 1229 959 fit
1247 923 1432 975 propter
1456 911 1495 959 se
1521 912 1571 959 δε
1591 910 1836 967 mundum,
1871 910 2076 958 videatur
2100 927 2127 958 n
2150 927 2160 957 :
2186 911 2321 975 9363
2346 914 2410 961 ad

431 974 578 1038 9369.
650 976 702 1024 In
720 973 914 1022 Ecclefia
932 975 1065 1021 hodie
1091 976 1277 1037 ponitur
1297 977 1390 1025 vita
1416 975 1671 1040 spiritualiS,
1704 979 1811 1040 quae
1839 977 1902 1023 est
1939 977 2027 1024 vita
2051 987 2221 1024 aeterna
2246 977 2288 1024 in
2316 977 2407 1026 sola

432 1039 544 1096 fide,
580 1040 640 1087 ita
658 1039 704 1087 in
725 1040 814 1093 fide
838 1039 999 1103 absque
1024 1040 1154 1088 bonis
1177 1042 1342 1091 amoris
1358 1041 1551 1090 coelestis
1572 1063 1586 1096 ς
1622 1041 1694 1089 sed
1714 1042 1867 1107 qualis·
1883 1042 1955 1089 illa
1978 1042 2069 1089 vita
2102 1041 2175 1099 lit,
2213 1041 2405 1107 quisque

430 1118 487 1152 ex
511 1103 598 1152 illis
610 1115 717 1170 quae
735 1120 853 1153 nunc
868 1106 984 1155 dicta
1010 1106 1127 1164 sunt,
1165 1106 1193 1154 fi
1219 1107 1464 1171 expendat,
1492 1108 1642 1154 videre
1666 1106 1827 1170 potest.
1900 1103 2159 1155 Dicendum
2181 1123 2300 1155 nunc
2324 1108 2405 1164 est,

430 1171 671 1236 quomodo
694 1169 735 1218 se
758 1171 890 1220 habet
910 1188 1017 1219 cum
1044 1172 1148 1234 igne
1169 1173 1359 1230 Divino,
1395 1174 1473 1238 qui
1499 1173 1561 1222 est
1589 1174 1788 1221 Divinus
1808 1186 1954 1226 amor.
1980 1174 2102 1236 apud
2128 1172 2227 1220 illos
2248 1174 2326 1239 qui
2359 1173 2403 1222 in

430 1249 590 1285 amore
606 1234 775 1285 coelesti
797 1237 913 1294 sunt,
947 1237 998 1286 &
1014 1238 1256 1302 quomodo
1279 1237 1401 1303 apud
1427 1239 1526 1287 illos
1547 1240 1625 1303 qui
1652 1239 1696 1285 in
1714 1253 1865 1286 amore
1885 1236 2087 1286 infernali
2109 1257 2125 1292 ς
2158 1241 2282 1302 apud
2302 1236 2402 1287 illos

431 1302 512 1367 qui
539 1301 583 1350 in
599 1317 754 1350 amore
776 1298 948 1351 coelesti
968 1300 1086 1360 sunt,
1124 1302 1188 1350 est
1208 1305 1331 1366 ignis
1355 1303 1429 1352 seu
1452 1320 1582 1353 amor
1607 1304 1806 1351 Divinus
1828 1304 2044 1351 continue
2077 1318 2227 1351 creans
2250 1303 2300 1352 &
2335 1315 2401 1351 re-

431 1381 603 1415 novans
626 1367 837 1416 interiora
860 1368 1119 1426 voluntatiS‚
1160 1383 1210 1417 ac
1234 1370 1490 1418 illuminans
1510 1371 1717 1418 interiora
1754 1369 2040 1424 intellectus;
2075 1380 2122 1416 at
2142 1369 2264 1432 apud
2303 1367 2404 1418 illos

428 1432 511 1496 qui
537 1433 582 1480 in
605 1447 759 1481 amore
782 1430 986 1482 infernali
1017 1432 1137 1494 sunt,
1171 1433 1234 1482 est
1270 1437 1390 1500 ignis
1421 1434 1493 1484 seu
1518 1450 1645 1484 amor
1670 1435 1873 1483 Divinus
1909 1435 2126 1484 continue
2151 1434 2317 1482 laedens
2351 1435 2402 1482 δε

430 1497 604 1545 vastans
625 1518 640 1553 ς
673 1497 800 1547 causa
818 1498 898 1557 est,
932 1499 1042 1565 quia
1066 1501 1184 1566 apud
1211 1499 1292 1555 hos
1313 1517 1442 1550 amor
1479 1499 1678 1551 Divinus
1702 1501 1820 1548 cadit
1845 1500 1888 1547 in
1912 1502 2140 1564 opposita,
2175 1514 2255 1564 per
2294 1515 2404 1565 quae

427 1562 671 1613 destruitur
691 1585 708 1620 3
744 1565 930 1614 vertitur
951 1566 1074 1614 enim
1100 1568 1143 1614 in
1169 1568 1323 1630 ignem
1344 1570 1415 1616 seu
1435 1582 1637 1616 amorem
1664 1566 1793 1615 sui&
1820 1568 1999 1623 mundi,
2036 1566 2097 1613 ita
2131 1567 2174 1613 in
2197 1578 2403 1616 contem-

429 1641 531 1678 tum
554 1630 749 1677 aliorum
768 1645 863 1694 prae
885 1630 944 1687 se,
984 1632 1027 1678 in
1046 1632 1301 1681 inimicitias
1319 1646 1476 1682 contra
1494 1646 1653 1682 omnes
1671 1634 1750 1697 qui
1777 1629 1852 1679 fibi
1879 1646 1967 1679 non
1990 1629 2162 1687 favent,
2197 1632 2247 1679 &
2268 1629 2326 1678 fic
2350 1631 2396 1678 in

428 1695 551 1752 odia,
589 1695 634 1743 in
655 1696 889 1752 vindictas,
927 1698 977 1746 ὅτ
1002 1698 1181 1747 tandem
1217 1699 1263 1746 in
1298 1698 1520 1746 saevitias:
1569 1697 1673 1746 inde
1697 1712 1813 1745 nunc
1836 1696 1918 1755 est,
1957 1696 2084 1760 quod
2111 1696 2238 1759 Ignis
2263 1695 2405 1756 Jeho-

429 1777 506 1809 vae
524 1762 784 1826 apparuerit
800 1776 951 1812 coram
969 1763 1113 1821 oculis
1130 1763 1328 1813 filiorum
1349 1764 1513 1813 Israelis
1532 1776 1582 1812 ut
1598 1762 1840 1811 comedens
1859 1763 1930 1811 seu
1946 1762 2216 1811 consumens
2236 1781 2251 1815 ς
2275 1775 2402 1809 erant

429 1827 554 1874 enim
578 1826 642 1874 illi
667 1827 714 1874 in
737 1842 890 1875 amore
913 1827 976 1876 sui
999 1830 1049 1877 &
1074 1830 1256 1886 mundi,
1291 1831 1507 1895 quoniam
1529 1830 1573 1877 in
1592 1830 1785 1877 externis
1802 1828 1968 1892 absque
1987 1827 2183 1876 internis.
2254 1826 2400 1885 Quod

431 1892 551 1954 ignis
575 1892 651 1940 ille
683 1891 816 1941 fuerit
840 1892 928 1942 illis
949 1895 1190 1942 comedens
1212 1896 1263 1944 δε
1281 1895 1562 1951 consumenS‚
1600 1907 1723 1959 patet
1745 1894 1880 1943 etiam
1903 1893 2007 1942 alibi
2032 1893 2152 1957 apud
2176 1892 2399 1940 Moschen

428 1965 465 1988 “
485 1957 672 2006 Factum
692 1956 774 2014 est,
807 1975 954 2023 quum
973 1959 1205 2009 audivistis
1228 1976 1387 2008 vocem
1422 1977 1447 2008 e
1471 1960 1623 2008 medio
1646 1962 1945 2016 tenebrarum,
1982 1958 2204 2023 monsque
2238 1959 2398 2006 ardens

433 2023 559 2086 igne,
596 2023 820 2072 accessistis
842 2024 898 2073 ad
924 2040 1000 2072 me
1026 2029 1180 2075 omnia
1217 2028 1362 2090 capita
1386 2028 1621 2075 Tribuum
1642 2025 1902 2081 vestrarum,
1937 2026 1987 2074 δε
2021 2025 2211 2073 seniores
2245 2025 2398 2080 vestri,

428 2090 479 2138 δι
503 2089 692 2147 dixistis,
725 2104 781 2137 ex
799 2090 951 2138 videre
968 2090 1076 2139 fecit
1094 2106 1174 2140 nos
1193 2092 1402 2153 Jehovah
1427 2093 1555 2140 Deus·
1576 2091 1723 2139 noster
1745 2091 1940 2156 gloriam
1957 2090 2083 2138 suam
2100 2089 2161 2137 ὅτ.
2174 2090 2397 2152 magnitu-

429 2155 588 2202 dinem
612 2154 751 2221 suam‚
785 2170 836 2203 ac
858 2171 1018 2204 vocem
1044 2157 1189 2221 Ipsius
1218 2158 1478 2206 audivimus
1500 2174 1524 2205 e
1550 2157 1706 2205 medio
1741 2158 1891 2222 ignis;
1931 2167 2224 2205 verumtamen
2267 2168 2399 2219 quare

430 2223 677 2277 moriemur,
712 2221 812 2284 quia
845 2221 1024 2271 comedet
1045 2239 1119 2272 nos
1141 2227 1250 2290 ignis
1284 2238 1459 2288 magnus
1485 2223 1590 2287 ,him
1629 2222 1659 2269 fi
1682 2223 1893 2271 addimus
1926 2237 2008 2271 nos
2037 2222 2194 2270 audire
2228 2235 2395 2269 vocem

426 2286 624 2350 Jehovae
644 2287 738 2335 Dei
761 2286 896 2334 nostri
920 2289 1132 2352 ampliu3‚
1155 2293 1296 2355 utique
1316 2291 1541 2338 moriemur
1558 2287 1588 2313 ’³
1628 2289 1783 2338 Dent:
1808 2304 1869 2336 v:
1898 2302 1975 2336 20.
1995 2301 2020 2334 2
2035 2306 2072 2337 1.
2094 2302 2174 2343 22,
2209 2286 2397 2334 videan-

428 2363 505 2400 tur
525 2353 663 2400 etiatn
686 2365 793 2416 quae
811 2365 839 2400 n
860 2371 875 2402 ι
901 2353 961 2401 68
969 2370 1046 2417 32.
1074 2358 1217 2416 8814.
1244 2359 1390 2421 8819,
1414 2354 1584 2403 ostensa
1604 2354 1735 2410 su‘nt3
1771 2353 1821 2401 &
1844 2352 1969 2417 quod
1994 2350 2189 2418 populus
2209 2350 2283 2399 ille
2301 2352 2399 2401 talis

391 2446 396 2451 ·
428 2417 580 2476 fuerit,
615 2417 737 2467 citita
783 2431 842 2466 n:
883 2424 1031 2483 9380.
1092 2422 1176 2470 Per
1215 2424 1370 2484 ignem
1394 2422 1710 2470 comedentem
1735 2419 1869 2468 etiam
1893 2419 2000 2467 alibi
2024 2419 2068 2466 in
2086 2412 2240 2466 Verbo
2265 2417 2402 2480 figni-

428 2483 591 2532 ficatur
606 2483 811 2542 vastatio,
847 2498 898 2533 a'c
921 2484 1091 2535 dicitur
1113 2488 1170 2535 de
1195 2488 1346 2552 impiis
1365 2509 1379 2542 ς
1414 2500 1463 2535 ut
1485 2487 1608 2552 apud
1626 2480 1806 2547 Joelem
1843 2493 1876 2516 “
1898 2483 2155 2548 Venitdies‘
2175 2483 2392 2548 Je'hovae,

423 2548 523 2598 dies
539 2550 821 2599 tenebrarum
841 2550 1146 2614 &4caliginis3
1172 2553 1266 2601 dies
1289 2553 1418 2601 nubis
1428 2549 1486 2602 ¹&
1502 2550 1813 2607 obscuritatis-{3
1835 2561 1938 2598 ante
1955 2562 2061 2598 eum
2083 2547 2260 2598 comedit
2273 2549 2398 2612 ignis,

427 2614 532 2680 post
553 2631 659 2664 eum
682 2612 1139 2680 inflammbt'jssammm
1163 2620 1272 2668 ficut
1290 2619 1443 2668 hortus
1461 2615 1592 2668 Ed‘en
1620 2629 1730 2666 terra
1754 2629 1854 2665 ante
1877 2630 1997 2671 eum,
2013 2614 2085 2663 sed
2105 2614 2206 2679 post
2222 2630 2326 2663 eum
2346 2616 2397 2662 δε

425 2679 628 2740 desertum
650 2681 866 2742 vastitatis
882 2671 915 2702 *¹
954 2695 995 2731 11
1018 2700 1029 2730 ε
1057 2700 1098 2733 2.
1127 2701 1171 2749 3.
1208 2685 1354 2749 Apud
1374 2685 1552 2733 Esaiam
1590 2692 1627 2714 “
1651 2683 1810 2732 Audiri
1852 2684 1964 2731 aciat
1980 2680 2178 2743 Jehovah
2204 2682 2397 2749 >gloriam

426 2749 545 2795 vocis
558 2750 645 2806 fieae
667 2750 712 2794 in
719 2746 902 2814 flamma
925 2751 1033 2811 ignis
1054 2750 1297 2800 comedentis
1315 2750 1346 2774 ”
1382 2754 1507 2799 xxxt
1533 2765 1616 2813 30.
1687 2751 1799 2814 Apu
1857 2742 2073 2836 Eundem
2109 2756 2141 2777 “
2161 2746 2282 2810 Qis·
2300 2758 2398 2813 ma-

2095 2822 2290 2863 xxxin:
2319 2826 2398 2870 14,

430 2879 578 2942 Apud
614 2878 831 2927 Eundem
868 2880 1174 2931 “Vilitaberis
1197 2900 1222 2931 a
1249 2882 1456 2943 Jehovah
1481 2882 1660 2945 flamma
1677 2883 1788 2946 ignis
1829 2879 2068 2929 comedentis
2085 2874 2118 2898 '⁹
2169 2890 2329 2930 xxm:
2355 2876 2399 2924 6.

430 2946 576 3007 Apud
604 2944 893 2993 Ezechielem
929 2954 961 2977 ‘⁶
983 2946 1221 2996 Posteritas
1255 2963 1333 3014 tua
1367 2955 1600 2996 comedetur
1619 2959 1697 3009 per
1718 2950 1854 3012 ignem
1871 2942 1909 2970 ’⁶
1936 2952 2097 3004 xx'm:
2124 2958 2185 3005 25
2208 2965 2222 2999 ;
2251 2944 2302 2990 'in
2326 2938 2397 2988 his

429 3009 539 3058 locis
574 3010 693 3071 ignis
722 3011 962 3059 comedens
993 3013 1057 3060 est
1092 3014 1209 3078 ignis
1245 3014 1546 3078 cupiditatum
1584 3030 1690 3079 quae
1723 3029 1779 3060 ex
1810 3011 2033 3059 amoribus
2056 3009 2122 3058 fui
2146 3011 2195 3058 ὅτ
2219 3006 2399 3062 mundi,

428 3075 647 3141 quoniam
673 3077 746 3125 hic
771 3077 885 3138 ignis
908 3077 971 3124 est
993 3080 1072 3141 qui
1097 3080 1323 3128 consumit
1349 3080 1603 3136 hominem,
1637 3080 1688 3127 δε
1704 3078 1783 3142 qui
1810 3077 1945 3125 vastat
1969 3074 2228 3124 Ecclesiam.
2287 3068 2399 3121 Hoc

427 3157 614 3208 quoque
636 3143 1002 3207 repraesentatum
1024 3144 1087 3192 est
1107 3161 1184 3211 per
1206 3147 1363 3208 ignem
1383 3163 1409 3195 a
1426 3161 1577 3197 coram
1599 3144 1828 3209 Jehovah,
1864 3146 1939 3208 qui
1961 3139 2130 3190 comedit
2142 3138 2258 3201 filios
2276 3138 2402 3215 Ahe-

2282 3218 2398 3252 roms
