<?xml version="1.0" encoding="UTF-8"?>
<!DOCTYPE html PUBLIC "-//W3C//DTD XHTML 1.0 Transitional//EN"
    "http://www.w3.org/TR/xhtml1/DTD/xhtml1-transitional.dtd">
<html xmlns="http://www.w3.org/1999/xhtml" xml:lang="en" lang="en">
 <head>
  <title>
</title>
<meta http-equiv="Content-Type" content="text/html;charset=utf-8" />
  <meta name='ocr-system' content='tesseract 3.04.00' />
  <meta name='ocr-capabilities' content='ocr_page ocr_carea ocr_par ocr_line ocrx_word'/>
</head>
<body>
  <div class='ocr_page' id='page_1' title='image "arcanacaelestiaq07sweduoft_0050.png"; bbox 0 0 2684 3672; ppageno 0'>
   <div class='ocr_carea' id='block_1_1' title="bbox 330 233 1794 341">
    <p class='ocr_par' dir='ltr' id='par_1_1' title="bbox 330 233 1794 341">
     <span class='ocr_line' id='line_1_1' title="bbox 330 233 1794 341; baseline -0.004 -10"><span class='ocrx_word' id='word_1_1' title='bbox 330 259 425 341; x_wconf 72' lang='lat'>46</span> <span class='ocrx_word' id='word_1_2' title='bbox 787 233 1794 329; x_wconf 50' lang='grc' dir='ltr'>ΔΕρῑοῡυζς,</span> 
     </span>
    </p>
   </div>
   <div class='ocr_carea' id='block_1_2' title="bbox 313 387 2409 3326">
    <p class='ocr_par' dir='ltr' id='par_1_2' title="bbox 313 387 2409 2524">
     <span class='ocr_line' id='line_1_2' title="bbox 331 387 2333 457; baseline 0.001 -19"><span class='ocrx_word' id='word_1_3' title='bbox 331 388 526 454; x_wconf 72' lang='lat' dir='ltr'>amplius</span> <span class='ocrx_word' id='word_1_4' title='bbox 563 401 695 455; x_wconf 80' lang='lat' dir='ltr'>agere</span> <span class='ocrx_word' id='word_1_5' title='bbox 727 390 902 448; x_wconf 77' lang='lat' dir='ltr'>debeat,</span> <span class='ocrx_word' id='word_1_6' title='bbox 939 409 997 442; x_wconf 89' lang='lat' dir='ltr'>n:</span> <span class='ocrx_word' id='word_1_7' title='bbox 1026 387 1182 456; x_wconf 63' lang='lat'>8&#39;5102</span> <span class='ocrx_word' id='word_1_8' title='bbox 1220 388 1305 441; x_wconf 69' lang='lat' dir='ltr'>hoe</span> <span class='ocrx_word' id='word_1_9' title='bbox 1340 389 1447 457; x_wconf 81' lang='lat' dir='ltr'>quia</span> <span class='ocrx_word' id='word_1_10' title='bbox 1485 403 1668 457; x_wconf 69' lang='lat' dir='ltr'>apparet</span> <span class='ocrx_word' id='word_1_11' title='bbox 1707 391 1821 440; x_wconf 83' lang='lat' dir='ltr'>ficut</span> <span class='ocrx_word' id='word_1_12' title='bbox 1843 388 2134 457; x_wconf 71' lang='lat' dir='ltr'>paradoxon,</span> <span class='ocrx_word' id='word_1_13' title='bbox 2184 390 2333 441; x_wconf 75' lang='lat' dir='ltr'>adhue</span> 
     </span>
     <span class='ocr_line' id='line_1_3' title="bbox 333 456 2341 524; baseline 0 -19"><span class='ocrx_word' id='word_1_14' title='bbox 333 456 437 506; x_wconf 88' lang='lat' dir='ltr'>licet</span> <span class='ocrx_word' id='word_1_15' title='bbox 479 456 527 505; x_wconf 91' lang='lat' dir='ltr'>id</span> <span class='ocrx_word' id='word_1_16' title='bbox 566 459 719 521; x_wconf 83' lang='lat' dir='ltr'>paucis</span> <span class='ocrx_word' id='word_1_17' title='bbox 755 458 1013 523; x_wconf 81' lang='lat' dir='ltr'>explicare;</span> <span class='ocrx_word' id='word_1_18' title='bbox 1051 459 1268 524; x_wconf 85' lang='lat' dir='ltr'>unusquis</span> <span class='ocrx_word' id='word_1_19' title='bbox 1303 461 1360 507; x_wconf 80' lang='lat' dir='ltr'>ad</span> <span class='ocrx_word' id='word_1_20' title='bbox 1399 461 1571 507; x_wconf 88' lang='lat' dir='ltr'>bonum</span> <span class='ocrx_word' id='word_1_21' title='bbox 1613 457 1937 517; x_wconf 87' lang='lat' dir='ltr'>Christianum,</span> <span class='ocrx_word' id='word_1_22' title='bbox 1972 459 2098 524; x_wconf 87' lang='lat' dir='ltr'>quod</span> <span class='ocrx_word' id='word_1_23' title='bbox 2134 459 2341 507; x_wconf 84' lang='lat' dir='ltr'>Charitas</span> 
     </span>
     <span class='ocr_line' id='line_1_4' title="bbox 334 523 2342 590; baseline 0.001 -19"><span class='ocrx_word' id='word_1_24' title='bbox 334 534 542 580; x_wconf 64' lang='lat' dir='ltr'>vocatur,</span> <span class='ocrx_word' id='word_1_25' title='bbox 566 523 686 572; x_wconf 64' lang='lat' dir='ltr'>‘duci</span> <span class='ocrx_word' id='word_1_26' title='bbox 724 524 861 572; x_wconf 82' lang='lat' dir='ltr'>debet</span> <span class='ocrx_word' id='word_1_27' title='bbox 896 541 974 590; x_wconf 88' lang='lat' dir='ltr'>per</span> <span class='ocrx_word' id='word_1_28' title='bbox 997 525 1172 574; x_wconf 79' lang='lat' dir='ltr'>Verum</span> <span class='ocrx_word' id='word_1_29' title='bbox 1207 526 1313 574; x_wconf 86' lang='lat' dir='ltr'>fidei</span> <span class='ocrx_word' id='word_1_30' title='bbox 1338 549 1353 583; x_wconf 85' lang='lat'>·‚</span> <span class='ocrx_word' id='word_1_31' title='bbox 1385 527 1563 573; x_wconf 87' lang='lat' dir='ltr'>Verum</span> <span class='ocrx_word' id='word_1_32' title='bbox 1597 527 1719 574; x_wconf 88' lang='lat' dir='ltr'>enim</span> <span class='ocrx_word' id='word_1_33' title='bbox 1746 525 2058 574; x_wconf 59' lang='lat' dir='ltr'>fidei‘docebit</span> <span class='ocrx_word' id='word_1_34' title='bbox 2081 527 2342 578; x_wconf 64' lang='lat' dir='ltr'>non-‚modo</span> 
     </span>
     <span class='ocr_line' id='line_1_5' title="bbox 336 589 2342 656; baseline 0.001 -20"><span class='ocrx_word' id='word_1_35' title='bbox 336 590 449 653; x_wconf 83' lang='lat' dir='ltr'>quid</span> <span class='ocrx_word' id='word_1_36' title='bbox 489 589 691 647; x_wconf 81' lang='lat' dir='ltr'>charitas,</span> <span class='ocrx_word' id='word_1_37' title='bbox 713 630 717 633; x_wconf 85' lang='lat'>.</span> <span class='ocrx_word' id='word_1_38' title='bbox 741 590 814 638; x_wconf 90' lang='lat' dir='ltr'>sed</span> <span class='ocrx_word' id='word_1_39' title='bbox 853 595 985 640; x_wconf 82' lang='lat' dir='ltr'>etiarn</span> <span class='ocrx_word' id='word_1_40' title='bbox 1023 594 1165 656; x_wconf 87' lang='lat' dir='ltr'>qualis</span> <span class='ocrx_word' id='word_1_41' title='bbox 1204 595 1324 648; x_wconf 84' lang='lat' dir='ltr'>erit;</span> <span class='ocrx_word' id='word_1_42' title='bbox 1381 593 1430 641; x_wconf 75' lang='grc' dir='ltr'>δι</span> <span class='ocrx_word' id='word_1_43' title='bbox 1470 593 1556 641; x_wconf 76' lang='lat' dir='ltr'>nisi·</span> <span class='ocrx_word' id='word_1_44' title='bbox 1586 592 1724 640; x_wconf 87' lang='lat' dir='ltr'>discat</span> <span class='ocrx_word' id='word_1_45' title='bbox 1762 593 1808 640; x_wconf 89' lang='lat' dir='ltr'>id</span> <span class='ocrx_word' id='word_1_46' title='bbox 1849 594 1975 656; x_wconf 88' lang='lat' dir='ltr'>prius</span> <span class='ocrx_word' id='word_1_47' title='bbox 2010 606 2068 641; x_wconf 76' lang='lat' dir='ltr'>ex</span> <span class='ocrx_word' id='word_1_48' title='bbox 2105 589 2342 640; x_wconf 61' lang='lat' dir='ltr'>doctrinali</span> 
     </span>
     <span class='ocr_line' id='line_1_6' title="bbox 337 656 2340 724; baseline 0.001 -20"><span class='ocrx_word' id='word_1_49' title='bbox 337 657 428 704; x_wconf 85' lang='lat' dir='ltr'>fuae</span> <span class='ocrx_word' id='word_1_50' title='bbox 450 656 682 713; x_wconf 71' lang='lat' dir='ltr'>Ecclesiae,</span> <span class='ocrx_word' id='word_1_51' title='bbox 726 673 783 705; x_wconf 85' lang='lat' dir='ltr'>ex</span> <span class='ocrx_word' id='word_1_52' title='bbox 820 657 861 705; x_wconf 90' lang='lat' dir='ltr'>se</span> <span class='ocrx_word' id='word_1_53' title='bbox 884 661 1018 706; x_wconf 53' lang='lat' dir='ltr'>&gt;enim</span> <span class='ocrx_word' id='word_1_54' title='bbox 1061 659 1108 707; x_wconf 83' lang='lat' dir='ltr'>ld</span> <span class='ocrx_word' id='word_1_55' title='bbox 1149 660 1257 707; x_wconf 90' lang='lat' dir='ltr'>scire</span> <span class='ocrx_word' id='word_1_56' title='bbox 1298 659 1550 708; x_wconf 79' lang='lat' dir='ltr'>nullatenus</span> <span class='ocrx_word' id='word_1_57' title='bbox 1589 659 1752 723; x_wconf 87' lang='lat' dir='ltr'>potest,</span> <span class='ocrx_word' id='word_1_58' title='bbox 1801 672 1892 707; x_wconf 85' lang='lat' dir='ltr'>non</span> <span class='ocrx_word' id='word_1_59' title='bbox 1933 657 2084 724; x_wconf 83' lang='lat' dir='ltr'>potest</span> <span class='ocrx_word' id='word_1_60' title='bbox 2117 661 2340 724; x_wconf 78' lang='lat' dir='ltr'>preparari</span> 
     </span>
     <span class='ocr_line' id='line_1_7' title="bbox 337 723 2340 791; baseline 0.002 -21"><span class='ocrx_word' id='word_1_61' title='bbox 337 723 386 771; x_wconf 83' lang='lat'>&amp;</span> <span class='ocrx_word' id='word_1_62' title='bbox 411 723 471 771; x_wconf 87' lang='lat' dir='ltr'>fic</span> <span class='ocrx_word' id='word_1_63' title='bbox 493 725 692 788; x_wconf 86' lang='lat' dir='ltr'>adaptari</span> <span class='ocrx_word' id='word_1_64' title='bbox 717 724 772 771; x_wconf 85' lang='lat' dir='ltr'>ad</span> <span class='ocrx_word' id='word_1_65' title='bbox 805 726 1121 789; x_wconf 65' lang='lat' dir='ltr'>recipiendumv</span> <span class='ocrx_word' id='word_1_66' title='bbox 1155 726 1267 774; x_wconf 85' lang='lat' dir='ltr'>illud</span> <span class='ocrx_word' id='word_1_67' title='bbox 1302 726 1512 782; x_wconf 77' lang='lat' dir='ltr'>bonum3</span> <span class='ocrx_word' id='word_1_68' title='bbox 1550 726 1604 774; x_wconf 90' lang='lat' dir='ltr'>fit</span> <span class='ocrx_word' id='word_1_69' title='bbox 1636 741 1721 790; x_wconf 92' lang='lat' dir='ltr'>pro</span> <span class='ocrx_word' id='word_1_70' title='bbox 1758 726 1988 791; x_wconf 85' lang='lat' dir='ltr'>exemplo,</span> <span class='ocrx_word' id='word_1_71' title='bbox 2023 726 2128 774; x_wconf 89' lang='lat' dir='ltr'>sciet</span> <span class='ocrx_word' id='word_1_72' title='bbox 2149 740 2207 776; x_wconf 82' lang='lat' dir='ltr'>ex</span> <span class='ocrx_word' id='word_1_73' title='bbox 2229 726 2340 774; x_wconf 86' lang='lat' dir='ltr'>doc-</span> 
     </span>
     <span class='ocr_line' id='line_1_8' title="bbox 313 789 2339 856; baseline 0.002 -20"><span class='ocrx_word' id='word_1_74' title='bbox 313 791 453 837; x_wconf 75' lang='lat' dir='ltr'>¹trina</span> <span class='ocrx_word' id='word_1_75' title='bbox 493 789 614 847; x_wconf 83' lang='lat' dir='ltr'>fidei,</span> <span class='ocrx_word' id='word_1_76' title='bbox 650 790 776 854; x_wconf 90' lang='lat' dir='ltr'>quod</span> <span class='ocrx_word' id='word_1_77' title='bbox 813 793 1040 841; x_wconf 48' lang='lat' dir='ltr'>‘charitatis</span> <span class='ocrx_word' id='word_1_78' title='bbox 1079 803 1173 841; x_wconf 84' lang='lat' dir='ltr'>non</span> <span class='ocrx_word' id='word_1_79' title='bbox 1210 793 1263 840; x_wconf 83' lang='lat' dir='ltr'>fit</span> <span class='ocrx_word' id='word_1_80' title='bbox 1301 791 1442 841; x_wconf 81' lang='lat' dir='ltr'>facere</span> <span class='ocrx_word' id='word_1_81' title='bbox 1481 794 1654 841; x_wconf 87' lang='lat' dir='ltr'>bonum</span> <span class='ocrx_word' id='word_1_82' title='bbox 1695 804 1882 856; x_wconf 87' lang='lat' dir='ltr'>propter</span> <span class='ocrx_word' id='word_1_83' title='bbox 1919 792 1978 850; x_wconf 90' lang='lat' dir='ltr'>se,</span> <span class='ocrx_word' id='word_1_84' title='bbox 2022 791 2094 840; x_wconf 86' lang='lat' dir='ltr'>seu</span> <span class='ocrx_word' id='word_1_85' title='bbox 2133 803 2339 840; x_wconf 84' lang='lat' dir='ltr'>remune-</span> 
     </span>
     <span class='ocr_line' id='line_1_9' title="bbox 336 857 2341 924; baseline 0.002 -21"><span class='ocrx_word' id='word_1_86' title='bbox 336 859 522 904; x_wconf 82' lang='lat' dir='ltr'>rationis</span> <span class='ocrx_word' id='word_1_87' title='bbox 550 857 691 914; x_wconf 74' lang='lat' dir='ltr'>causa,</span> <span class='ocrx_word' id='word_1_88' title='bbox 728 859 788 905; x_wconf 86' lang='lat' dir='ltr'>ita</span> <span class='ocrx_word' id='word_1_89' title='bbox 821 875 903 907; x_wconf 88' lang='lat' dir='ltr'>nec</span> <span class='ocrx_word' id='word_1_90' title='bbox 941 874 1022 924; x_wconf 88' lang='lat' dir='ltr'>per</span> <span class='ocrx_word' id='word_1_91' title='bbox 1051 857 1273 908; x_wconf 84' lang='lat' dir='ltr'>charitatis</span> <span class='ocrx_word' id='word_1_92' title='bbox 1306 875 1440 924; x_wconf 84' lang='lat' dir='ltr'>opera</span> <span class='ocrx_word' id='word_1_93' title='bbox 1474 861 1635 908; x_wconf 87' lang='lat' dir='ltr'>mereri</span> <span class='ocrx_word' id='word_1_94' title='bbox 1670 858 1892 924; x_wconf 85' lang='lat' dir='ltr'>salutem;</span> <span class='ocrx_word' id='word_1_95' title='bbox 1928 859 2034 907; x_wconf 86' lang='lat' dir='ltr'>sciet</span> <span class='ocrx_word' id='word_1_96' title='bbox 2054 859 2190 906; x_wconf 86' lang='lat' dir='ltr'>etiam</span> <span class='ocrx_word' id='word_1_97' title='bbox 2213 860 2341 923; x_wconf 87' lang='lat' dir='ltr'>quod</span> 
     </span>
     <span class='ocr_line' id='line_1_10' title="bbox 339 923 2340 1040; baseline 0.001 -70"><span class='ocrx_word' id='word_1_98' title='bbox 339 936 476 970; x_wconf 83' lang='lat' dir='ltr'>omne</span> <span class='ocrx_word' id='word_1_99' title='bbox 509 923 682 972; x_wconf 88' lang='lat' dir='ltr'>bonum</span> <span class='ocrx_word' id='word_1_100' title='bbox 724 925 948 974; x_wconf 83' lang='lat' dir='ltr'>charitatis</span> <span class='ocrx_word' id='word_1_101' title='bbox 987 927 1040 975; x_wconf 86' lang='lat' dir='ltr'>fit</span> <span class='ocrx_word' id='word_1_102' title='bbox 1079 943 1137 975; x_wconf 88' lang='lat' dir='ltr'>ex</span> <span class='ocrx_word' id='word_1_103' title='bbox 1166 928 1391 984; x_wconf 85' lang='lat' dir='ltr'>Domino,</span> <span class='ocrx_word' id='word_1_104' title='bbox 1429 929 1479 975; x_wconf 80' lang='grc' dir='ltr'>ὅτ</span> <span class='ocrx_word' id='word_1_105' title='bbox 1500 924 1678 990; x_wconf 87' lang='lat' dir='ltr'>prorsus</span> <span class='ocrx_word' id='word_1_106' title='bbox 1711 927 1822 974; x_wconf 56' lang='lat' dir='ltr'>nihil</span> <span class='ocrx_word' id='word_1_107' title='bbox 1862 941 1926 990; x_wconf 24' lang='lat' dir='ltr'>ex·</span> <span class='ocrx_word' id='word_1_108' title='bbox 1951 924 2010 982; x_wconf 84' lang='lat' dir='ltr'>se,</span> <span class='ocrx_word' id='word_1_109' title='bbox 2046 937 2211 989; x_wconf 81' lang='lat' dir='ltr'>praeter</span> <span class='ocrx_word' id='word_1_110' title='bbox 2233 939 2340 1040; x_wconf 50' lang='lat' dir='ltr'>gge-</span> 
     </span>
     <span class='ocr_line' id='line_1_11' title="bbox 338 989 2341 1058; baseline 0.002 -23"><span class='ocrx_word' id='word_1_111' title='bbox 338 991 467 1053; x_wconf 81' lang='lat' dir='ltr'>plura</span> <span class='ocrx_word' id='word_1_112' title='bbox 506 990 604 1046; x_wconf 80' lang='lat' dir='ltr'>alia,</span> <span class='ocrx_word' id='word_1_113' title='bbox 657 1007 763 1054; x_wconf 79' lang='lat' dir='ltr'>quae</span> <span class='ocrx_word' id='word_1_114' title='bbox 804 993 1045 1051; x_wconf 85' lang='lat' dir='ltr'>instruunt,</span> <span class='ocrx_word' id='word_1_115' title='bbox 1092 994 1205 1058; x_wconf 90' lang='lat' dir='ltr'>quid</span> <span class='ocrx_word' id='word_1_116' title='bbox 1245 994 1449 1050; x_wconf 76' lang='lat' dir='ltr'>charitaS,</span> <span class='ocrx_word' id='word_1_117' title='bbox 1503 989 1551 1042; x_wconf 67' lang='grc' dir='ltr'>δὲ</span> <span class='ocrx_word' id='word_1_118' title='bbox 1590 993 1735 1057; x_wconf 81' lang='lat' dir='ltr'>qualis</span> <span class='ocrx_word' id='word_1_119' title='bbox 1771 995 1890 1048; x_wconf 58' lang='lat' dir='ltr'>erit,</span> <span class='ocrx_word' id='word_1_120' title='bbox 1939 1008 1996 1040; x_wconf 86' lang='lat' dir='ltr'>ex</span> <span class='ocrx_word' id='word_1_121' title='bbox 2035 993 2103 1040; x_wconf 88' lang='lat' dir='ltr'>his</span> <span class='ocrx_word' id='word_1_122' title='bbox 2143 1007 2229 1039; x_wconf 90' lang='lat' dir='ltr'>con</span> <span class='ocrx_word' id='word_1_123' title='bbox 2296 1006 2341 1039; x_wconf 82' lang='lat' dir='ltr'>re</span> 
     </span>
     <span class='ocr_line' id='line_1_12' title="bbox 339 1056 2341 1124; baseline 0.003 -22"><span class='ocrx_word' id='word_1_124' title='bbox 339 1056 502 1119; x_wconf 87' lang='lat' dir='ltr'>potest,</span> <span class='ocrx_word' id='word_1_125' title='bbox 544 1059 669 1120; x_wconf 89' lang='lat' dir='ltr'>quod</span> <span class='ocrx_word' id='word_1_126' title='bbox 713 1059 852 1106; x_wconf 84' lang='lat' dir='ltr'>horno</span> <span class='ocrx_word' id='word_1_127' title='bbox 891 1060 948 1106; x_wconf 88' lang='lat' dir='ltr'>ad</span> <span class='ocrx_word' id='word_1_128' title='bbox 987 1060 1159 1109; x_wconf 84' lang='lat' dir='ltr'>bonurn</span> <span class='ocrx_word' id='word_1_129' title='bbox 1198 1057 1504 1109; x_wconf 84' lang='lat' dir='ltr'>Christianum</span> <span class='ocrx_word' id='word_1_130' title='bbox 1544 1076 1637 1108; x_wconf 89' lang='lat' dir='ltr'>non</span> <span class='ocrx_word' id='word_1_131' title='bbox 1673 1060 1782 1108; x_wconf 88' lang='lat' dir='ltr'>duci</span> <span class='ocrx_word' id='word_1_132' title='bbox 1819 1061 1952 1124; x_wconf 82' lang='lat' dir='ltr'>poffit</span> <span class='ocrx_word' id='word_1_133' title='bbox 1999 1060 2081 1107; x_wconf 78' lang='lat' dir='ltr'>nisi</span> <span class='ocrx_word' id='word_1_134' title='bbox 2121 1075 2202 1123; x_wconf 87' lang='lat' dir='ltr'>per</span> <span class='ocrx_word' id='word_1_135' title='bbox 2236 1074 2341 1108; x_wconf 82' lang='lat' dir='ltr'>vera</span> 
     </span>
     <span class='ocr_line' id='line_1_13' title="bbox 339 1123 2339 1191; baseline 0.003 -23"><span class='ocrx_word' id='word_1_136' title='bbox 339 1138 447 1186; x_wconf 74' lang='lat' dir='ltr'>quae</span> <span class='ocrx_word' id='word_1_137' title='bbox 483 1123 620 1179; x_wconf 49' lang='lat' dir='ltr'>fidei,</span> <span class='ocrx_word' id='word_1_138' title='bbox 656 1125 850 1189; x_wconf 85' lang='lat' dir='ltr'>amplius</span> <span class='ocrx_word' id='word_1_139' title='bbox 884 1126 988 1173; x_wconf 91' lang='lat' dir='ltr'>sciet</span> <span class='ocrx_word' id='word_1_140' title='bbox 1027 1127 1185 1184; x_wconf 87' lang='lat' dir='ltr'>homo,</span> <span class='ocrx_word' id='word_1_141' title='bbox 1221 1127 1348 1191; x_wconf 91' lang='lat' dir='ltr'>quod</span> <span class='ocrx_word' id='word_1_142' title='bbox 1389 1143 1480 1175; x_wconf 84' lang='lat' dir='ltr'>non</span> <span class='ocrx_word' id='word_1_143' title='bbox 1515 1133 1622 1175; x_wconf 84' lang='lat' dir='ltr'>vera</span> <span class='ocrx_word' id='word_1_144' title='bbox 1656 1142 1712 1174; x_wconf 86' lang='lat' dir='ltr'>ex</span> <span class='ocrx_word' id='word_1_145' title='bbox 1753 1125 1793 1174; x_wconf 90' lang='lat' dir='ltr'>se</span> <span class='ocrx_word' id='word_1_146' title='bbox 1830 1128 1998 1174; x_wconf 85' lang='lat' dir='ltr'>intrent</span> <span class='ocrx_word' id='word_1_147' title='bbox 2035 1126 2235 1183; x_wconf 79' lang='lat' dir='ltr'>bonum;</span> <span class='ocrx_word' id='word_1_148' title='bbox 2265 1125 2339 1174; x_wconf 91' lang='lat' dir='ltr'>sed</span> 
     </span>
     <span class='ocr_line' id='line_1_14' title="bbox 339 1189 2342 1258; baseline 0.002 -22"><span class='ocrx_word' id='word_1_149' title='bbox 339 1189 466 1252; x_wconf 85' lang='lat' dir='ltr'>quod</span> <span class='ocrx_word' id='word_1_150' title='bbox 507 1190 679 1237; x_wconf 84' lang='lat' dir='ltr'>bonum</span> <span class='ocrx_word' id='word_1_151' title='bbox 715 1192 902 1257; x_wconf 85' lang='lat' dir='ltr'>adoptet</span> <span class='ocrx_word' id='word_1_152' title='bbox 939 1210 1043 1241; x_wconf 91' lang='lat' dir='ltr'>vera</span> <span class='ocrx_word' id='word_1_153' title='bbox 1079 1194 1128 1241; x_wconf 86' lang='lat'>&amp;</span> <span class='ocrx_word' id='word_1_154' title='bbox 1166 1192 1386 1258; x_wconf 85' lang='lat' dir='ltr'>adjungat</span> <span class='ocrx_word' id='word_1_155' title='bbox 1422 1193 1648 1249; x_wconf 68' lang='lat' dir='ltr'>fibi-illa,</span> <span class='ocrx_word' id='word_1_156' title='bbox 1701 1209 1807 1241; x_wconf 88' lang='lat' dir='ltr'>vera</span> <span class='ocrx_word' id='word_1_157' title='bbox 1844 1193 1951 1240; x_wconf 87' lang='lat' dir='ltr'>fidei</span> <span class='ocrx_word' id='word_1_158' title='bbox 1990 1194 2113 1240; x_wconf 88' lang='lat' dir='ltr'>enim</span> <span class='ocrx_word' id='word_1_159' title='bbox 2153 1195 2199 1240; x_wconf 88' lang='lat' dir='ltr'>in</span> <span class='ocrx_word' id='word_1_160' title='bbox 2242 1208 2342 1241; x_wconf 78' lang='lat' dir='ltr'>ine--</span> 
     </span>
     <span class='ocr_line' id='line_1_15' title="bbox 341 1257 2338 1324; baseline 0.003 -22"><span class='ocrx_word' id='word_1_161' title='bbox 341 1257 485 1303; x_wconf 88' lang='lat' dir='ltr'>moria</span> <span class='ocrx_word' id='word_1_162' title='bbox 521 1257 718 1304; x_wconf 83' lang='lat' dir='ltr'>hominis</span> <span class='ocrx_word' id='word_1_163' title='bbox 765 1259 876 1306; x_wconf 84' lang='lat' dir='ltr'>ficut</span> <span class='ocrx_word' id='word_1_164' title='bbox 924 1262 967 1307; x_wconf 91' lang='lat' dir='ltr'>in</span> <span class='ocrx_word' id='word_1_165' title='bbox 1010 1276 1178 1324; x_wconf 82' lang='lat' dir='ltr'>campo</span> <span class='ocrx_word' id='word_1_166' title='bbox 1222 1261 1422 1307; x_wconf 89' lang='lat' dir='ltr'>interiori</span> <span class='ocrx_word' id='word_1_167' title='bbox 1462 1259 1574 1306; x_wconf 89' lang='lat' dir='ltr'>visui</span> <span class='ocrx_word' id='word_1_168' title='bbox 1621 1259 1837 1307; x_wconf 84' lang='lat' dir='ltr'>substrato</span> <span class='ocrx_word' id='word_1_169' title='bbox 1872 1258 2042 1323; x_wconf 90' lang='lat' dir='ltr'>jacent,</span> <span class='ocrx_word' id='word_1_170' title='bbox 2096 1259 2270 1308; x_wconf 88' lang='lat' dir='ltr'>bonurn</span> <span class='ocrx_word' id='word_1_171' title='bbox 2313 1277 2338 1308; x_wconf 86' lang='lat' dir='ltr'>a</span> 
     </span>
     <span class='ocr_line' id='line_1_16' title="bbox 337 1322 2340 1390; baseline 0.003 -21"><span class='ocrx_word' id='word_1_172' title='bbox 337 1324 555 1371; x_wconf 86' lang='lat' dir='ltr'>Domino·</span> <span class='ocrx_word' id='word_1_173' title='bbox 581 1339 662 1387; x_wconf 89' lang='lat' dir='ltr'>per</span> <span class='ocrx_word' id='word_1_174' title='bbox 702 1325 832 1372; x_wconf 82' lang='lat' dir='ltr'>illum</span> <span class='ocrx_word' id='word_1_175' title='bbox 867 1327 1013 1374; x_wconf 88' lang='lat' dir='ltr'>visum</span> <span class='ocrx_word' id='word_1_176' title='bbox 1048 1327 1213 1383; x_wconf 84' lang='lat' dir='ltr'>influit,</span> <span class='ocrx_word' id='word_1_177' title='bbox 1250 1328 1300 1373; x_wconf 87' lang='lat'>&amp;</span> <span class='ocrx_word' id='word_1_178' title='bbox 1325 1339 1382 1374; x_wconf 86' lang='lat' dir='ltr'>ex</span> <span class='ocrx_word' id='word_1_179' title='bbox 1405 1326 1493 1373; x_wconf 86' lang='lat' dir='ltr'>illis</span> <span class='ocrx_word' id='word_1_180' title='bbox 1515 1325 1645 1390; x_wconf 85' lang='lat' dir='ltr'>eligit</span> <span class='ocrx_word' id='word_1_181' title='bbox 1667 1326 1717 1374; x_wconf 77' lang='grc' dir='ltr'>ὅτ</span> <span class='ocrx_word' id='word_1_182' title='bbox 1740 1326 1821 1373; x_wconf 83' lang='lat' dir='ltr'>fibi</span> <span class='ocrx_word' id='word_1_183' title='bbox 1843 1323 2083 1389; x_wconf 81' lang='lat' dir='ltr'>conjungit</span> <span class='ocrx_word' id='word_1_184' title='bbox 2101 1322 2210 1374; x_wconf 52' lang='lat' dir='ltr'>‘itera</span> <span class='ocrx_word' id='word_1_185' title='bbox 2232 1341 2340 1390; x_wconf 83' lang='lat' dir='ltr'>quae</span> 
     </span>
     <span class='ocr_line' id='line_1_17' title="bbox 339 1390 2340 1458; baseline 0.002 -22"><span class='ocrx_word' id='word_1_186' title='bbox 339 1390 653 1447; x_wconf 83' lang='lat' dir='ltr'>concordant;</span> <span class='ocrx_word' id='word_1_187' title='bbox 706 1401 813 1439; x_wconf 78' lang='lat' dir='ltr'>vera</span> <span class='ocrx_word' id='word_1_188' title='bbox 849 1408 956 1455; x_wconf 86' lang='lat' dir='ltr'>quae</span> <span class='ocrx_word' id='word_1_189' title='bbox 995 1391 1111 1440; x_wconf 88' lang='lat' dir='ltr'>infra</span> <span class='ocrx_word' id='word_1_190' title='bbox 1137 1390 1307 1458; x_wconf 90' lang='lat' dir='ltr'>jacent,</span> <span class='ocrx_word' id='word_1_191' title='bbox 1344 1408 1434 1440; x_wconf 88' lang='lat' dir='ltr'>non</span> <span class='ocrx_word' id='word_1_192' title='bbox 1473 1393 1656 1457; x_wconf 74' lang='lat' dir='ltr'>possunt</span> <span class='ocrx_word' id='word_1_193' title='bbox 1690 1393 1877 1440; x_wconf 88' lang='lat' dir='ltr'>influere</span> <span class='ocrx_word' id='word_1_194' title='bbox 1916 1395 1962 1439; x_wconf 88' lang='lat' dir='ltr'>in</span> <span class='ocrx_word' id='word_1_195' title='bbox 2001 1393 2177 1441; x_wconf 84' lang='lat' dir='ltr'>bonum</span> <span class='ocrx_word' id='word_1_196' title='bbox 2209 1394 2340 1456; x_wconf 87' lang='lat' dir='ltr'>quod</span> 
     </span>
     <span class='ocr_line' id='line_1_18' title="bbox 337 1454 2346 1524; baseline 0.003 -22"><span class='ocrx_word' id='word_1_197' title='bbox 337 1454 467 1520; x_wconf 81' lang='lat' dir='ltr'>supra</span> <span class='ocrx_word' id='word_1_198' title='bbox 502 1456 582 1514; x_wconf 88' lang='lat' dir='ltr'>est,</span> <span class='ocrx_word' id='word_1_199' title='bbox 617 1470 723 1505; x_wconf 86' lang='lat' dir='ltr'>nam</span> <span class='ocrx_word' id='word_1_200' title='bbox 762 1458 940 1521; x_wconf 80' lang='lat' dir='ltr'>prorsus</span> <span class='ocrx_word' id='word_1_201' title='bbox 977 1472 1135 1508; x_wconf 85' lang='lat' dir='ltr'>contra</span> <span class='ocrx_word' id='word_1_202' title='bbox 1173 1461 1381 1507; x_wconf 85' lang='lat' dir='ltr'><strong>ordinem</strong></span> <span class='ocrx_word' id='word_1_203' title='bbox 1418 1459 1499 1516; x_wconf 87' lang='lat' dir='ltr'>est,</span> <span class='ocrx_word' id='word_1_204' title='bbox 1534 1460 1584 1507; x_wconf 87' lang='lat'>&amp;</span> <span class='ocrx_word' id='word_1_205' title='bbox 1609 1475 1793 1524; x_wconf 90' lang='lat' dir='ltr'>quoque</span> <span class='ocrx_word' id='word_1_206' title='bbox 1816 1458 2114 1523; x_wconf 67' lang='lat' dir='ltr'>impossibile,</span> <span class='ocrx_word' id='word_1_207' title='bbox 2149 1470 2203 1507; x_wconf 90' lang='lat' dir='ltr'>ut</span> <span class='ocrx_word' id='word_1_208' title='bbox 2225 1458 2346 1508; x_wconf 60' lang='lat' dir='ltr'>infe«</span> 
     </span>
     <span class='ocr_line' id='line_1_19' title="bbox 335 1524 2409 1592; baseline 0.003 -24"><span class='ocrx_word' id='word_1_209' title='bbox 335 1524 428 1570; x_wconf 89' lang='lat' dir='ltr'>rius</span> <span class='ocrx_word' id='word_1_210' title='bbox 468 1524 626 1571; x_wconf 87' lang='lat' dir='ltr'>influat</span> <span class='ocrx_word' id='word_1_211' title='bbox 658 1525 704 1571; x_wconf 87' lang='lat' dir='ltr'>in</span> <span class='ocrx_word' id='word_1_212' title='bbox 738 1524 954 1589; x_wconf 80' lang='lat' dir='ltr'>superiuS,</span> <span class='ocrx_word' id='word_1_213' title='bbox 989 1538 1050 1574; x_wconf 87' lang='lat' dir='ltr'>n:</span> <span class='ocrx_word' id='word_1_214' title='bbox 1079 1543 1235 1592; x_wconf 84' lang='lat'>5259:</span> <span class='ocrx_word' id='word_1_215' title='bbox 1273 1541 1331 1574; x_wconf 83' lang='lat' dir='ltr'>ex</span> <span class='ocrx_word' id='word_1_216' title='bbox 1365 1526 1432 1574; x_wconf 89' lang='lat' dir='ltr'>his</span> <span class='ocrx_word' id='word_1_217' title='bbox 1471 1541 1594 1574; x_wconf 89' lang='lat' dir='ltr'>nunc</span> <span class='ocrx_word' id='word_1_218' title='bbox 1633 1526 1732 1574; x_wconf 91' lang='lat' dir='ltr'>sciri</span> <span class='ocrx_word' id='word_1_219' title='bbox 1766 1525 1930 1590; x_wconf 89' lang='lat' dir='ltr'>potest,</span> <span class='ocrx_word' id='word_1_220' title='bbox 1964 1524 2206 1590; x_wconf 86' lang='lat' dir='ltr'>quomodo</span> <span class='ocrx_word' id='word_1_221' title='bbox 2241 1525 2339 1574; x_wconf 86' lang='lat' dir='ltr'>nas·</span> <span class='ocrx_word' id='word_1_222' title='bbox 2402 1564 2409 1567; x_wconf 22' lang='grc' dir='ltr'><strong><em>Δ</em></strong></span> 
     </span>
     <span class='ocr_line' id='line_1_20' title="bbox 336 1589 2338 1658; baseline 0.002 -22"><span class='ocrx_word' id='word_1_223' title='bbox 336 1592 455 1636; x_wconf 87' lang='lat' dir='ltr'>citur</span> <span class='ocrx_word' id='word_1_224' title='bbox 488 1589 659 1637; x_wconf 87' lang='lat' dir='ltr'>bonum</span> <span class='ocrx_word' id='word_1_225' title='bbox 682 1591 986 1640; x_wconf 84' lang='lat' dir='ltr'>Christianum</span> <span class='ocrx_word' id='word_1_226' title='bbox 1019 1594 1417 1658; x_wconf 88' lang='lat' dir='ltr'>apud-hominem</span> <span class='ocrx_word' id='word_1_227' title='bbox 1450 1608 1560 1641; x_wconf 86' lang='lat' dir='ltr'>cum</span> <span class='ocrx_word' id='word_1_228' title='bbox 1597 1605 1899 1656; x_wconf 83' lang='lat' dir='ltr'>regeneratus,</span> <span class='ocrx_word' id='word_1_229' title='bbox 1933 1593 1982 1640; x_wconf 85' lang='lat'>&amp;</span> <span class='ocrx_word' id='word_1_230' title='bbox 2008 1592 2113 1639; x_wconf 85' lang='lat' dir='ltr'>inde</span> <span class='ocrx_word' id='word_1_231' title='bbox 2134 1604 2338 1658; x_wconf 84' lang='lat' dir='ltr'>quoque,</span> 
     </span>
     <span class='ocr_line' id='line_1_21' title="bbox 334 1655 2338 1724; baseline 0.003 -22"><span class='ocrx_word' id='word_1_232' title='bbox 334 1656 480 1719; x_wconf 87' lang='lat' dir='ltr'>qualis</span> <span class='ocrx_word' id='word_1_233' title='bbox 517 1655 662 1705; x_wconf 87' lang='lat' dir='ltr'>homo</span> <span class='ocrx_word' id='word_1_234' title='bbox 699 1659 783 1706; x_wconf 90' lang='lat' dir='ltr'>erit</span> <span class='ocrx_word' id='word_1_235' title='bbox 821 1661 1008 1722; x_wconf 87' lang='lat' dir='ltr'>quando</span> <span class='ocrx_word' id='word_1_236' title='bbox 1047 1671 1330 1723; x_wconf 85' lang='lat' dir='ltr'>regeneratus</span> <span class='ocrx_word' id='word_1_237' title='bbox 1366 1659 1446 1717; x_wconf 86' lang='lat' dir='ltr'>est,</span> <span class='ocrx_word' id='word_1_238' title='bbox 1481 1659 1608 1724; x_wconf 92' lang='lat' dir='ltr'>quod</span> <span class='ocrx_word' id='word_1_239' title='bbox 1642 1671 1808 1724; x_wconf 81' lang='lat' dir='ltr'>nempe</span> <span class='ocrx_word' id='word_1_240' title='bbox 1838 1674 1896 1707; x_wconf 84' lang='lat' dir='ltr'>ex</span> <span class='ocrx_word' id='word_1_241' title='bbox 1934 1658 2058 1707; x_wconf 88' lang='lat' dir='ltr'>bono</span> <span class='ocrx_word' id='word_1_242' title='bbox 2086 1672 2208 1723; x_wconf 77' lang='lat' dir='ltr'>agat,</span> <span class='ocrx_word' id='word_1_243' title='bbox 2240 1675 2338 1708; x_wconf 64' lang='lat' dir='ltr'>&gt;non</span> 
     </span>
     <span class='ocr_line' id='line_1_22' title="bbox 334 1724 2342 1801; baseline 0.002 -32"><span class='ocrx_word' id='word_1_244' title='bbox 334 1734 486 1770; x_wconf 79' lang='lat' dir='ltr'>autem</span> <span class='ocrx_word' id='word_1_245' title='bbox 515 1739 570 1770; x_wconf 87' lang='lat' dir='ltr'>ex</span> <span class='ocrx_word' id='word_1_246' title='bbox 599 1739 724 1782; x_wconf 85' lang='lat' dir='ltr'>vero,</span> <span class='ocrx_word' id='word_1_247' title='bbox 761 1724 849 1772; x_wconf 92' lang='lat' dir='ltr'>hoc</span> <span class='ocrx_word' id='word_1_248' title='bbox 881 1725 961 1784; x_wconf 89' lang='lat' dir='ltr'>est,</span> <span class='ocrx_word' id='word_1_249' title='bbox 986 1727 1124 1801; x_wconf 21' lang='lat' dir='ltr'>[quod</span> <span class='ocrx_word' id='word_1_250' title='bbox 1160 1727 1417 1775; x_wconf 75' lang='lat' dir='ltr'>a‘Domino</span> <span class='ocrx_word' id='word_1_251' title='bbox 1454 1726 1646 1774; x_wconf 86' lang='lat' dir='ltr'>ducatur</span> <span class='ocrx_word' id='word_1_252' title='bbox 1683 1734 1765 1791; x_wconf 72' lang='lat' dir='ltr'>pei·</span> <span class='ocrx_word' id='word_1_253' title='bbox 1801 1725 1995 1783; x_wconf 88' lang='lat' dir='ltr'>bonurn,</span> <span class='ocrx_word' id='word_1_254' title='bbox 2033 1726 2083 1773; x_wconf 79' lang='grc' dir='ltr'>δε</span> <span class='ocrx_word' id='word_1_255' title='bbox 2108 1741 2201 1773; x_wconf 90' lang='lat' dir='ltr'>non</span> <span class='ocrx_word' id='word_1_256' title='bbox 2237 1734 2342 1774; x_wconf 55' lang='grc' dir='ltr'>δην</span> 
     </span>
     <span class='ocr_line' id='line_1_23' title="bbox 332 1789 2372 1854; baseline 0.004 -19"><span class='ocrx_word' id='word_1_257' title='bbox 332 1789 454 1852; x_wconf 90' lang='lat' dir='ltr'>plius</span> <span class='ocrx_word' id='word_1_258' title='bbox 491 1804 572 1854; x_wconf 89' lang='lat' dir='ltr'>per</span> <span class='ocrx_word' id='word_1_259' title='bbox 607 1790 887 1849; x_wconf 42' lang='lat' dir='ltr'>verum,⁷est</span> <span class='ocrx_word' id='word_1_260' title='bbox 922 1794 1045 1840; x_wconf 86' lang='lat' dir='ltr'>enirn</span> <span class='ocrx_word' id='word_1_261' title='bbox 1083 1804 1193 1841; x_wconf 90' lang='lat' dir='ltr'>tunc</span> <span class='ocrx_word' id='word_1_262' title='bbox 1233 1795 1279 1841; x_wconf 88' lang='lat' dir='ltr'>in</span> <span class='ocrx_word' id='word_1_263' title='bbox 1319 1794 1546 1851; x_wconf 82' lang='lat' dir='ltr'>charitate,</span> <span class='ocrx_word' id='word_1_264' title='bbox 1582 1792 1670 1841; x_wconf 83' lang='lat' dir='ltr'>hoc</span> <span class='ocrx_word' id='word_1_265' title='bbox 1698 1793 1783 1851; x_wconf 87' lang='lat' dir='ltr'>est,</span> <span class='ocrx_word' id='word_1_266' title='bbox 1817 1794 1864 1840; x_wconf 92' lang='lat' dir='ltr'>in</span> <span class='ocrx_word' id='word_1_267' title='bbox 1888 1791 2122 1850; x_wconf 60' lang='lat' dir='ltr'>affectione</span> <span class='ocrx_word' id='word_1_268' title='bbox 2143 1791 2372 1843; x_wconf 56' lang='lat' dir='ltr'>faciendig</span> 
     </span>
     <span class='ocr_line' id='line_1_24' title="bbox 333 1856 2333 1923; baseline 0.003 -21"><span class='ocrx_word' id='word_1_269' title='bbox 333 1856 507 1903; x_wconf 87' lang='lat' dir='ltr'>bonurn</span> <span class='ocrx_word' id='word_1_270' title='bbox 547 1856 695 1914; x_wconf 86' lang='lat' dir='ltr'>illud;</span> <span class='ocrx_word' id='word_1_271' title='bbox 731 1874 892 1906; x_wconf 88' lang='lat' dir='ltr'>omnes</span> <span class='ocrx_word' id='word_1_272' title='bbox 927 1861 1007 1923; x_wconf 76' lang='lat' dir='ltr'>qu‘i</span> <span class='ocrx_word' id='word_1_273' title='bbox 1047 1861 1094 1907; x_wconf 88' lang='lat' dir='ltr'>in</span> <span class='ocrx_word' id='word_1_274' title='bbox 1132 1860 1254 1908; x_wconf 86' lang='lat' dir='ltr'>coelo</span> <span class='ocrx_word' id='word_1_275' title='bbox 1290 1859 1408 1918; x_wconf 87' lang='lat' dir='ltr'>sunt,</span> <span class='ocrx_word' id='word_1_276' title='bbox 1445 1861 1505 1908; x_wconf 87' lang='lat' dir='ltr'>ita</span> <span class='ocrx_word' id='word_1_277' title='bbox 1537 1860 1786 1918; x_wconf 87' lang='lat' dir='ltr'>ducuntur,</span> <span class='ocrx_word' id='word_1_278' title='bbox 1824 1875 1927 1907; x_wconf 86' lang='lat' dir='ltr'>nam</span> <span class='ocrx_word' id='word_1_279' title='bbox 1963 1860 2050 1908; x_wconf 87' lang='lat' dir='ltr'>hoc</span> <span class='ocrx_word' id='word_1_280' title='bbox 2084 1858 2333 1908; x_wconf 81' lang='lat' dir='ltr'>secundum</span> 
     </span>
     <span class='ocr_line' id='line_1_25' title="bbox 331 1923 2334 1992; baseline 0.002 -23"><span class='ocrx_word' id='word_1_281' title='bbox 331 1923 540 1970; x_wconf 83' lang='lat' dir='ltr'>ordinem</span> <span class='ocrx_word' id='word_1_282' title='bbox 563 1925 790 1972; x_wconf 88' lang='lat' dir='ltr'>Divinum</span> <span class='ocrx_word' id='word_1_283' title='bbox 812 1924 891 1983; x_wconf 90' lang='lat' dir='ltr'>est,</span> <span class='ocrx_word' id='word_1_284' title='bbox 928 1927 1077 1975; x_wconf 89' lang='lat' dir='ltr'>fluunt</span> <span class='ocrx_word' id='word_1_285' title='bbox 1114 1927 1174 1974; x_wconf 80' lang='lat' dir='ltr'>sic</span> <span class='ocrx_word' id='word_1_286' title='bbox 1212 1929 1368 1975; x_wconf 86' lang='lat' dir='ltr'>omnia</span> <span class='ocrx_word' id='word_1_287' title='bbox 1407 1929 1751 1992; x_wconf 31' lang='lat' dir='ltr'>quaevcogitant</span> <span class='ocrx_word' id='word_1_288' title='bbox 1783 1926 1834 1974; x_wconf 75' lang='grc' dir='ltr'>δε</span> <span class='ocrx_word' id='word_1_289' title='bbox 1865 1939 2009 1991; x_wconf 86' lang='lat' dir='ltr'>agunt</span> <span class='ocrx_word' id='word_1_290' title='bbox 2042 1926 2165 1990; x_wconf 69' lang='lat' dir='ltr'>quasi</span> <span class='ocrx_word' id='word_1_291' title='bbox 2198 1925 2334 1991; x_wconf 85' lang='lat' dir='ltr'>spon-</span> 
     </span>
     <span class='ocr_line' id='line_1_26' title="bbox 332 1990 2334 2059; baseline 0.002 -23"><span class='ocrx_word' id='word_1_292' title='bbox 332 2001 450 2037; x_wconf 84' lang='lat' dir='ltr'>tanae</span> <span class='ocrx_word' id='word_1_293' title='bbox 483 1990 533 2038; x_wconf 77' lang='grc' dir='ltr'>δε</span> <span class='ocrx_word' id='word_1_294' title='bbox 569 2005 627 2039; x_wconf 80' lang='lat' dir='ltr'>ex</span> <span class='ocrx_word' id='word_1_295' title='bbox 667 1991 844 2049; x_wconf 57' lang='lat' dir='ltr'>libero,</span> <span class='ocrx_word' id='word_1_296' title='bbox 885 1993 1013 2041; x_wconf 83' lang='lat' dir='ltr'>aliter</span> <span class='ocrx_word' id='word_1_297' title='bbox 1041 1993 1219 2059; x_wconf 89' lang='lat' dir='ltr'>prorsus</span> <span class='ocrx_word' id='word_1_298' title='bbox 1250 1994 1283 2042; x_wconf 85' lang='lat' dir='ltr'>fi</span> <span class='ocrx_word' id='word_1_299' title='bbox 1316 1995 1567 2058; x_wconf 84' lang='lat' dir='ltr'>cogitarent</span> <span class='ocrx_word' id='word_1_300' title='bbox 1601 2010 1658 2042; x_wconf 86' lang='lat' dir='ltr'>ex</span> <span class='ocrx_word' id='word_1_301' title='bbox 1693 2008 1804 2042; x_wconf 89' lang='lat' dir='ltr'>vero</span> <span class='ocrx_word' id='word_1_302' title='bbox 1838 1992 1889 2041; x_wconf 70' lang='grc' dir='ltr'>ὅτ</span> <span class='ocrx_word' id='word_1_303' title='bbox 1926 2004 2110 2057; x_wconf 85' lang='lat' dir='ltr'>agerent</span> <span class='ocrx_word' id='word_1_304' title='bbox 2144 2008 2201 2040; x_wconf 82' lang='lat' dir='ltr'>ex</span> <span class='ocrx_word' id='word_1_305' title='bbox 2237 1992 2334 2052; x_wconf 77' lang='lat' dir='ltr'>isso,</span> 
     </span>
     <span class='ocr_line' id='line_1_27' title="bbox 330 2058 2338 2123; baseline 0.002 -20"><span class='ocrx_word' id='word_1_306' title='bbox 330 2072 437 2104; x_wconf 88' lang='lat' dir='ltr'>nam</span> <span class='ocrx_word' id='word_1_307' title='bbox 474 2070 586 2105; x_wconf 91' lang='lat' dir='ltr'>tunc</span> <span class='ocrx_word' id='word_1_308' title='bbox 622 2060 873 2122; x_wconf 86' lang='lat' dir='ltr'>cogitarent</span> <span class='ocrx_word' id='word_1_309' title='bbox 909 2076 1022 2108; x_wconf 87' lang='lat' dir='ltr'>num</span> <span class='ocrx_word' id='word_1_310' title='bbox 1063 2062 1124 2109; x_wconf 90' lang='lat' dir='ltr'>ita</span> <span class='ocrx_word' id='word_1_311' title='bbox 1166 2059 1425 2109; x_wconf 83' lang='lat' dir='ltr'>faciendum</span> <span class='ocrx_word' id='word_1_312' title='bbox 1462 2061 1517 2108; x_wconf 84' lang='lat' dir='ltr'>fit</span> <span class='ocrx_word' id='word_1_313' title='bbox 1554 2061 1628 2108; x_wconf 90' lang='lat' dir='ltr'>vel</span> <span class='ocrx_word' id='word_1_314' title='bbox 1667 2077 1777 2118; x_wconf 90' lang='lat' dir='ltr'>non,</span> <span class='ocrx_word' id='word_1_315' title='bbox 1812 2075 1861 2107; x_wconf 89' lang='lat' dir='ltr'>ac</span> <span class='ocrx_word' id='word_1_316' title='bbox 1883 2060 1942 2107; x_wconf 86' lang='lat' dir='ltr'>fic</span> <span class='ocrx_word' id='word_1_317' title='bbox 1966 2062 2012 2107; x_wconf 90' lang='lat' dir='ltr'>in</span> <span class='ocrx_word' id='word_1_318' title='bbox 2035 2059 2221 2123; x_wconf 78' lang='lat' dir='ltr'>singulis</span> <span class='ocrx_word' id='word_1_319' title='bbox 2239 2058 2338 2108; x_wconf 79' lang='lat' dir='ltr'>hae-</span> 
     </span>
     <span class='ocr_line' id='line_1_28' title="bbox 331 2125 2333 2192; baseline 0.002 -22"><span class='ocrx_word' id='word_1_320' title='bbox 331 2135 494 2181; x_wconf 77' lang='lat' dir='ltr'>retent,</span> <span class='ocrx_word' id='word_1_321' title='bbox 545 2125 717 2188; x_wconf 81' lang='lat' dir='ltr'>&amp;per</span> <span class='ocrx_word' id='word_1_322' title='bbox 755 2125 801 2172; x_wconf 93' lang='lat' dir='ltr'>id</span> <span class='ocrx_word' id='word_1_323' title='bbox 844 2127 992 2175; x_wconf 79' lang='lat' dir='ltr'>lucem</span> <span class='ocrx_word' id='word_1_324' title='bbox 1036 2128 1158 2192; x_wconf 76' lang='lat' dir='ltr'>apud</span> <span class='ocrx_word' id='word_1_325' title='bbox 1197 2127 1240 2175; x_wconf 91' lang='lat' dir='ltr'>se</span> <span class='ocrx_word' id='word_1_326' title='bbox 1284 2127 1589 2185; x_wconf 85' lang='lat' dir='ltr'>obscurarent,</span> <span class='ocrx_word' id='word_1_327' title='bbox 1635 2127 1686 2175; x_wconf 64' lang='lat' dir='ltr'>ec</span> <span class='ocrx_word' id='word_1_328' title='bbox 1725 2127 1912 2175; x_wconf 84' lang='lat' dir='ltr'>tandem</span> <span class='ocrx_word' id='word_1_329' title='bbox 1957 2132 2141 2191; x_wconf 68' lang='lat' dir='ltr'>agerent</span> <span class='ocrx_word' id='word_1_330' title='bbox 2179 2125 2333 2175; x_wconf 88' lang='lat' dir='ltr'>secun·</span> 
     </span>
     <span class='ocr_line' id='line_1_29' title="bbox 330 2189 2333 2257; baseline 0.002 -21"><span class='ocrx_word' id='word_1_331' title='bbox 330 2190 446 2237; x_wconf 86' lang='lat' dir='ltr'>dum</span> <span class='ocrx_word' id='word_1_332' title='bbox 482 2189 557 2238; x_wconf 86' lang='lat' dir='ltr'>illa</span> <span class='ocrx_word' id='word_1_333' title='bbox 593 2207 699 2255; x_wconf 85' lang='lat' dir='ltr'>quae</span> <span class='ocrx_word' id='word_1_334' title='bbox 740 2192 822 2256; x_wconf 78' lang='lat' dir='ltr'>ipsi</span> <span class='ocrx_word' id='word_1_335' title='bbox 857 2206 1012 2242; x_wconf 85' lang='lat' dir='ltr'>amant</span> <span class='ocrx_word' id='word_1_336' title='bbox 1047 2195 1109 2242; x_wconf 83' lang='lat' dir='ltr'>ita</span> <span class='ocrx_word' id='word_1_337' title='bbox 1141 2193 1388 2242; x_wconf 87' lang='lat' dir='ltr'>secundum</span> <span class='ocrx_word' id='word_1_338' title='bbox 1430 2195 1657 2242; x_wconf 86' lang='lat' dir='ltr'>influxum</span> <span class='ocrx_word' id='word_1_339' title='bbox 1689 2193 1747 2242; x_wconf 84' lang='lat' dir='ltr'>ab</span> <span class='ocrx_word' id='word_1_340' title='bbox 1783 2193 1869 2240; x_wconf 89' lang='lat' dir='ltr'>illis</span> <span class='ocrx_word' id='word_1_341' title='bbox 1898 2209 2006 2257; x_wconf 86' lang='lat' dir='ltr'>quae</span> <span class='ocrx_word' id='word_1_342' title='bbox 2027 2191 2183 2240; x_wconf 88' lang='lat' dir='ltr'>favent</span> <span class='ocrx_word' id='word_1_343' title='bbox 2203 2208 2333 2241; x_wconf 82' lang='lat' dir='ltr'>amo·</span> 
     </span>
     <span class='ocr_line' id='line_1_30' title="bbox 332 2257 2329 2323; baseline 0.003 -20"><span class='ocrx_word' id='word_1_344' title='bbox 332 2257 464 2305; x_wconf 67' lang='lat' dir='ltr'>ribus·</span> <span class='ocrx_word' id='word_1_345' title='bbox 495 2257 598 2315; x_wconf 89' lang='lat' dir='ltr'>suis,</span> <span class='ocrx_word' id='word_1_346' title='bbox 650 2259 780 2323; x_wconf 88' lang='lat' dir='ltr'>quod</span> <span class='ocrx_word' id='word_1_347' title='bbox 818 2258 880 2307; x_wconf 90' lang='lat' dir='ltr'>est</span> <span class='ocrx_word' id='word_1_348' title='bbox 919 2260 1028 2308; x_wconf 83' lang='lat' dir='ltr'>duci</span> <span class='ocrx_word' id='word_1_349' title='bbox 1066 2277 1090 2308; x_wconf 87' lang='lat' dir='ltr'>a</span> <span class='ocrx_word' id='word_1_350' title='bbox 1128 2261 1170 2309; x_wconf 89' lang='lat' dir='ltr'>se</span> <span class='ocrx_word' id='word_1_351' title='bbox 1206 2263 1256 2311; x_wconf 76' lang='grc' dir='ltr'>δε</span> <span class='ocrx_word' id='word_1_352' title='bbox 1296 2278 1390 2310; x_wconf 89' lang='lat' dir='ltr'>non</span> <span class='ocrx_word' id='word_1_353' title='bbox 1429 2273 1455 2309; x_wconf 77' lang='lat' dir='ltr'>a</span> <span class='ocrx_word' id='word_1_354' title='bbox 1492 2262 1729 2309; x_wconf 87' lang='lat' dir='ltr'>Domino:</span> <span class='ocrx_word' id='word_1_355' title='bbox 1780 2275 1837 2307; x_wconf 84' lang='lat' dir='ltr'>ex</span> <span class='ocrx_word' id='word_1_356' title='bbox 1876 2259 1944 2307; x_wconf 92' lang='lat' dir='ltr'>his</span> <span class='ocrx_word' id='word_1_357' title='bbox 1983 2260 2148 2307; x_wconf 88' lang='lat' dir='ltr'>iterum</span> <span class='ocrx_word' id='word_1_358' title='bbox 2187 2271 2329 2323; x_wconf 86' lang='lat' dir='ltr'>patet,</span> 
     </span>
     <span class='ocr_line' id='line_1_31' title="bbox 330 2323 2330 2394; baseline 0.002 -24"><span class='ocrx_word' id='word_1_359' title='bbox 330 2323 444 2386; x_wconf 88' lang='lat' dir='ltr'>quid</span> <span class='ocrx_word' id='word_1_360' title='bbox 480 2323 533 2371; x_wconf 81' lang='lat' dir='ltr'>sit</span> <span class='ocrx_word' id='word_1_361' title='bbox 566 2325 694 2388; x_wconf 89' lang='lat' dir='ltr'>quod</span> <span class='ocrx_word' id='word_1_362' title='bbox 728 2325 902 2373; x_wconf 84' lang='lat' dir='ltr'>bonum</span> <span class='ocrx_word' id='word_1_363' title='bbox 928 2344 1036 2389; x_wconf 17' lang='lat' dir='ltr'>&#39;non</span> <span class='ocrx_word' id='word_1_364' title='bbox 1076 2327 1272 2391; x_wconf 84' lang='lat' dir='ltr'>amplius</span> <span class='ocrx_word' id='word_1_365' title='bbox 1307 2327 1633 2394; x_wconf 82' lang='lat' dir='ltr'>acquirendum</span> <span class='ocrx_word' id='word_1_366' title='bbox 1675 2327 1730 2374; x_wconf 84' lang='lat' dir='ltr'>fit</span> <span class='ocrx_word' id='word_1_367' title='bbox 1760 2342 1842 2390; x_wconf 90' lang='lat' dir='ltr'>per</span> <span class='ocrx_word' id='word_1_368' title='bbox 1868 2341 2047 2383; x_wconf 85' lang='lat' dir='ltr'>verum,</span> <span class='ocrx_word' id='word_1_369' title='bbox 2082 2326 2210 2389; x_wconf 91' lang='lat' dir='ltr'>quod</span> <span class='ocrx_word' id='word_1_370' title='bbox 2239 2326 2330 2390; x_wconf 88' lang='lat' dir='ltr'>fig-</span> 
     </span>
     <span class='ocr_line' id='line_1_32' title="bbox 329 2388 2329 2458; baseline 0.003 -23"><span class='ocrx_word' id='word_1_371' title='bbox 329 2390 535 2438; x_wconf 82' lang='lat' dir='ltr'>nificatur</span> <span class='ocrx_word' id='word_1_372' title='bbox 558 2402 638 2455; x_wconf 87' lang='lat' dir='ltr'>per</span> <span class='ocrx_word' id='word_1_373' title='bbox 660 2392 787 2456; x_wconf 91' lang='lat' dir='ltr'>quod</span> <span class='ocrx_word' id='word_1_374' title='bbox 810 2388 884 2440; x_wconf 86' lang='lat' dir='ltr'>sex</span> <span class='ocrx_word' id='word_1_375' title='bbox 905 2388 1066 2441; x_wconf 71' lang='lat' dir='ltr'>diebus</span> <span class='ocrx_word' id='word_1_376' title='bbox 1087 2395 1352 2458; x_wconf 76' lang='lat' dir='ltr'>colligerent</span> <span class='ocrx_word' id='word_1_377' title='bbox 1377 2406 1606 2452; x_wconf 84' lang='lat' dir='ltr'>mannam,</span> <span class='ocrx_word' id='word_1_378' title='bbox 1644 2395 1693 2444; x_wconf 73' lang='grc' dir='ltr'>δε</span> <span class='ocrx_word' id='word_1_379' title='bbox 1729 2392 1858 2458; x_wconf 90' lang='lat' dir='ltr'>quod</span> <span class='ocrx_word' id='word_1_380' title='bbox 1891 2392 1966 2440; x_wconf 91' lang='lat' dir='ltr'>die</span> <span class='ocrx_word' id='word_1_381' title='bbox 2003 2393 2197 2456; x_wconf 88' lang='lat' dir='ltr'>septimo</span> <span class='ocrx_word' id='word_1_382' title='bbox 2234 2409 2329 2441; x_wconf 88' lang='lat' dir='ltr'>non</span> 
     </span>
     <span class='ocr_line' id='line_1_33' title="bbox 329 2458 1494 2524; baseline 0.006 -21"><span class='ocrx_word' id='word_1_383' title='bbox 329 2458 617 2515; x_wconf 87' lang='lat' dir='ltr'>inveniretur,</span> <span class='ocrx_word' id='word_1_384' title='bbox 655 2459 711 2505; x_wconf 90' lang='lat' dir='ltr'>de</span> <span class='ocrx_word' id='word_1_385' title='bbox 734 2475 825 2522; x_wconf 90' lang='lat' dir='ltr'>qua</span> <span class='ocrx_word' id='word_1_386' title='bbox 845 2476 891 2508; x_wconf 86' lang='lat' dir='ltr'>re</span> <span class='ocrx_word' id='word_1_387' title='bbox 917 2476 975 2509; x_wconf 89' lang='lat' dir='ltr'>n:</span> <span class='ocrx_word' id='word_1_388' title='bbox 1005 2465 1029 2510; x_wconf 92' lang='lat'>8</span> <span class='ocrx_word' id='word_1_389' title='bbox 1036 2466 1156 2524; x_wconf 80' lang='lat'><strong>505.&#39;</strong></span> <span class='ocrx_word' id='word_1_390' title='bbox 1177 2467 1202 2510; x_wconf 90' lang='lat'>8</span> <span class='ocrx_word' id='word_1_391' title='bbox 1211 2464 1320 2523; x_wconf 81' lang='lat'><strong>506.</strong></span> <span class='ocrx_word' id='word_1_392' title='bbox 1351 2465 1494 2524; x_wconf 76' lang='lat'><strong>8510.</strong></span> 
     </span>
    </p>

    <p class='ocr_par' dir='ltr' id='par_1_3' title="bbox 324 2524 2339 3062">
     <span class='ocr_line' id='line_1_34' title="bbox 397 2524 2329 2592; baseline 0.002 -21"><span class='ocrx_word' id='word_1_393' title='bbox 397 2529 538 2588; x_wconf 87' lang='lat'><strong><em>8517.</em></strong></span> <span class='ocrx_word' id='word_1_394' title='bbox 577 2524 807 2583; x_wconf 89' lang='lat' dir='ltr'>Quiescite</span> <span class='ocrx_word' id='word_1_395' title='bbox 844 2525 1031 2592; x_wconf 88' lang='lat' dir='ltr'>quisque</span> <span class='ocrx_word' id='word_1_396' title='bbox 1071 2527 1151 2575; x_wconf 87' lang='lat' dir='ltr'>sub</span> <span class='ocrx_word' id='word_1_397' title='bbox 1191 2528 1248 2585; x_wconf 87' lang='lat' dir='ltr'>se,</span> <span class='ocrx_word' id='word_1_398' title='bbox 1277 2529 1412 2592; x_wconf 29' lang='lat' dir='ltr'>,quod</span> <span class='ocrx_word' id='word_1_399' title='bbox 1446 2527 1668 2592; x_wconf 76' lang='lat' dir='ltr'>significet</span> <span class='ocrx_word' id='word_1_400' title='bbox 1703 2525 1869 2574; x_wconf 83' lang='lat' dir='ltr'>statum</span> <span class='ocrx_word' id='word_1_401' title='bbox 1903 2527 2042 2590; x_wconf 77' lang='lat' dir='ltr'>paciS,</span> <span class='ocrx_word' id='word_1_402' title='bbox 2077 2526 2250 2579; x_wconf 80' lang='lat' dir='ltr'>constat</span> <span class='ocrx_word' id='word_1_403' title='bbox 2270 2542 2329 2576; x_wconf 84' lang='lat' dir='ltr'>ex</span> 
     </span>
     <span class='ocr_line' id='line_1_35' title="bbox 326 2589 2339 2660; baseline 0.002 -25"><span class='ocrx_word' id='word_1_404' title='bbox 326 2589 650 2652; x_wconf 74' lang='lat' dir='ltr'>significatione</span> <span class='ocrx_word' id='word_1_405' title='bbox 673 2592 914 2655; x_wconf 84' lang='lat' dir='ltr'>quiescere,</span> <span class='ocrx_word' id='word_1_406' title='bbox 949 2593 1077 2658; x_wconf 90' lang='lat' dir='ltr'>quod</span> <span class='ocrx_word' id='word_1_407' title='bbox 1106 2595 1161 2642; x_wconf 81' lang='lat' dir='ltr'>sit</span> <span class='ocrx_word' id='word_1_408' title='bbox 1187 2594 1323 2642; x_wconf 87' lang='lat' dir='ltr'>status</span> <span class='ocrx_word' id='word_1_409' title='bbox 1354 2596 1492 2659; x_wconf 81' lang='lat' dir='ltr'>paciS,</span> <span class='ocrx_word' id='word_1_410' title='bbox 1529 2595 1588 2642; x_wconf 90' lang='lat' dir='ltr'>de</span> <span class='ocrx_word' id='word_1_411' title='bbox 1618 2610 1709 2658; x_wconf 86' lang='lat' dir='ltr'>qua</span> <span class='ocrx_word' id='word_1_412' title='bbox 1743 2593 1874 2658; x_wconf 86' lang='lat' dir='ltr'>supra</span> <span class='ocrx_word' id='word_1_413' title='bbox 1912 2609 1973 2649; x_wconf 3' lang='lat' dir='ltr'>ng:</span> <span class='ocrx_word' id='word_1_414' title='bbox 2005 2598 2164 2660; x_wconf 78' lang='lat'>8494:</span> <span class='ocrx_word' id='word_1_415' title='bbox 2199 2590 2339 2659; x_wconf 46' lang='lat' dir='ltr'>quodx</span> 
     </span>
     <span class='ocr_line' id='line_1_36' title="bbox 324 2656 2339 2726; baseline 0.003 -24"><span class='ocrx_word' id='word_1_416' title='bbox 324 2656 600 2720; x_wconf 84' lang='lat' dir='ltr'>quiescerent</span> <span class='ocrx_word' id='word_1_417' title='bbox 629 2657 703 2704; x_wconf 91' lang='lat' dir='ltr'>die</span> <span class='ocrx_word' id='word_1_418' title='bbox 742 2658 954 2717; x_wconf 87' lang='lat' dir='ltr'>sabbathi,</span> <span class='ocrx_word' id='word_1_419' title='bbox 990 2661 1041 2708; x_wconf 86' lang='lat'>&amp;</span> <span class='ocrx_word' id='word_1_420' title='bbox 1081 2672 1191 2710; x_wconf 86' lang='lat' dir='ltr'>tunc</span> <span class='ocrx_word' id='word_1_421' title='bbox 1230 2661 1411 2709; x_wconf 86' lang='lat' dir='ltr'>nullum</span> <span class='ocrx_word' id='word_1_422' title='bbox 1450 2677 1566 2726; x_wconf 86' lang='lat' dir='ltr'>opus</span> <span class='ocrx_word' id='word_1_423' title='bbox 1604 2659 1815 2718; x_wconf 86' lang='lat' dir='ltr'>facerent,</span> <span class='ocrx_word' id='word_1_424' title='bbox 1851 2675 1908 2708; x_wconf 88' lang='lat' dir='ltr'>ne</span> <span class='ocrx_word' id='word_1_425' title='bbox 1940 2659 2132 2723; x_wconf 86' lang='lat' dir='ltr'>quidem</span> <span class='ocrx_word' id='word_1_426' title='bbox 2170 2662 2339 2725; x_wconf 34' lang='lat' dir='ltr'>ignem·</span> 
     </span>
     <span class='ocr_line' id='line_1_37' title="bbox 326 2723 2324 2791; baseline 0.003 -22"><span class='ocrx_word' id='word_1_427' title='bbox 326 2723 635 2780; x_wconf 82' lang='lat' dir='ltr'>accenderent,</span> <span class='ocrx_word' id='word_1_428' title='bbox 682 2725 731 2773; x_wconf 85' lang='lat'>&amp;</span> <span class='ocrx_word' id='word_1_429' title='bbox 771 2736 1071 2790; x_wconf 83' lang='lat' dir='ltr'>praepararent</span> <span class='ocrx_word' id='word_1_430' title='bbox 1105 2727 1185 2774; x_wconf 89' lang='lat' dir='ltr'>fibi</span> <span class='ocrx_word' id='word_1_431' title='bbox 1219 2727 1347 2791; x_wconf 87' lang='lat' dir='ltr'>quod</span> <span class='ocrx_word' id='word_1_432' title='bbox 1376 2727 1578 2784; x_wconf 86' lang='lat' dir='ltr'>ederent,</span> <span class='ocrx_word' id='word_1_433' title='bbox 1615 2739 1708 2774; x_wconf 86' lang='lat' dir='ltr'>erat</span> <span class='ocrx_word' id='word_1_434' title='bbox 1728 2726 2152 2791; x_wconf 65' lang='lat' dir='ltr'>repraesentativum</span> <span class='ocrx_word' id='word_1_435' title='bbox 2174 2726 2324 2775; x_wconf 79' lang='lat' dir='ltr'>status</span> 
     </span>
     <span class='ocr_line' id='line_1_38' title="bbox 324 2790 2328 2857; baseline 0.003 -20"><span class='ocrx_word' id='word_1_436' title='bbox 324 2790 464 2852; x_wconf 77' lang='lat' dir='ltr'>paci-s,</span> <span class='ocrx_word' id='word_1_437' title='bbox 501 2791 547 2837; x_wconf 89' lang='lat' dir='ltr'>in</span> <span class='ocrx_word' id='word_1_438' title='bbox 570 2805 665 2854; x_wconf 91' lang='lat' dir='ltr'>quo</span> <span class='ocrx_word' id='word_1_439' title='bbox 687 2790 949 2856; x_wconf 67' lang='lat' dir='ltr'>conjunctio</span> <span class='ocrx_word' id='word_1_440' title='bbox 982 2793 1089 2840; x_wconf 88' lang='lat' dir='ltr'>boni</span> <span class='ocrx_word' id='word_1_441' title='bbox 1122 2795 1173 2842; x_wconf 78' lang='grc' dir='ltr'>ὅτ</span> <span class='ocrx_word' id='word_1_442' title='bbox 1211 2796 1307 2842; x_wconf 90' lang='lat' dir='ltr'>veri</span> <span class='ocrx_word' id='word_1_443' title='bbox 1339 2793 1393 2841; x_wconf 88' lang='lat' dir='ltr'>fit</span> <span class='ocrx_word' id='word_1_444' title='bbox 1429 2811 1454 2842; x_wconf 87' lang='lat' dir='ltr'>a</span> <span class='ocrx_word' id='word_1_445' title='bbox 1477 2794 1702 2851; x_wconf 87' lang='lat' dir='ltr'>Domino,</span> <span class='ocrx_word' id='word_1_446' title='bbox 1738 2810 1844 2842; x_wconf 88' lang='lat' dir='ltr'>nam</span> <span class='ocrx_word' id='word_1_447' title='bbox 1879 2795 2030 2842; x_wconf 87' lang='lat' dir='ltr'>omnis</span> <span class='ocrx_word' id='word_1_448' title='bbox 2063 2791 2328 2857; x_wconf 62' lang='lat' dir='ltr'>conjunctio</span> 
     </span>
     <span class='ocr_line' id='line_1_39' title="bbox 328 2856 2329 2925; baseline 0.003 -23"><span class='ocrx_word' id='word_1_449' title='bbox 328 2856 433 2903; x_wconf 88' lang='lat' dir='ltr'>boni</span> <span class='ocrx_word' id='word_1_450' title='bbox 456 2857 506 2904; x_wconf 90' lang='lat'>&amp;</span> <span class='ocrx_word' id='word_1_451' title='bbox 531 2857 629 2904; x_wconf 83' lang='lat' dir='ltr'>veri·</span> <span class='ocrx_word' id='word_1_452' title='bbox 649 2857 703 2905; x_wconf 88' lang='lat' dir='ltr'>fit</span> <span class='ocrx_word' id='word_1_453' title='bbox 726 2860 774 2906; x_wconf 87' lang='lat' dir='ltr'>in</span> <span class='ocrx_word' id='word_1_454' title='bbox 798 2860 877 2907; x_wconf 90' lang='lat' dir='ltr'>illo</span> <span class='ocrx_word' id='word_1_455' title='bbox 900 2859 1015 2907; x_wconf 86' lang='lat' dir='ltr'>statu</span> <span class='ocrx_word' id='word_1_456' title='bbox 1036 2865 1048 2908; x_wconf 74' lang='grc' dir='ltr'><strong><em>ὲ</em></strong></span> <span class='ocrx_word' id='word_1_457' title='bbox 1085 2875 1196 2908; x_wconf 88' lang='lat' dir='ltr'>cum</span> <span class='ocrx_word' id='word_1_458' title='bbox 1220 2859 1362 2909; x_wconf 86' lang='lat' dir='ltr'>homo</span> <span class='ocrx_word' id='word_1_459' title='bbox 1387 2863 1433 2909; x_wconf 91' lang='lat' dir='ltr'>in</span> <span class='ocrx_word' id='word_1_460' title='bbox 1458 2859 1574 2908; x_wconf 82' lang='lat' dir='ltr'>statu</span> <span class='ocrx_word' id='word_1_461' title='bbox 1598 2864 1719 2925; x_wconf 87' lang='lat' dir='ltr'>pacis</span> <span class='ocrx_word' id='word_1_462' title='bbox 1741 2859 1821 2918; x_wconf 89' lang='lat' dir='ltr'>est,</span> <span class='ocrx_word' id='word_1_463' title='bbox 1847 2873 1956 2908; x_wconf 90' lang='lat' dir='ltr'>tunc</span> <span class='ocrx_word' id='word_1_464' title='bbox 1979 2860 2117 2907; x_wconf 84' lang='lat' dir='ltr'>etiam</span> <span class='ocrx_word' id='word_1_465' title='bbox 2138 2860 2329 2908; x_wconf 75' lang='lat' dir='ltr'>ducitur</span> 
     </span>
     <span class='ocr_line' id='line_1_40' title="bbox 324 2919 2325 2989; baseline 0.003 -21"><span class='ocrx_word' id='word_1_466' title='bbox 324 2939 348 2968; x_wconf 87' lang='lat' dir='ltr'>a</span> <span class='ocrx_word' id='word_1_467' title='bbox 372 2923 578 2971; x_wconf 87' lang='lat' dir='ltr'>Domino</span> <span class='ocrx_word' id='word_1_468' title='bbox 601 2939 681 2988; x_wconf 87' lang='lat' dir='ltr'>per</span> <span class='ocrx_word' id='word_1_469' title='bbox 704 2919 879 2974; x_wconf 80' lang='lat' dir='ltr'>bonu&#39;m</span> <span class='ocrx_word' id='word_1_470' title='bbox 900 2948 915 2982; x_wconf 79' lang='lat'>3</span> <span class='ocrx_word' id='word_1_471' title='bbox 952 2926 985 2973; x_wconf 76' lang='lat' dir='ltr'>si</span> <span class='ocrx_word' id='word_1_472' title='bbox 1009 2925 1119 2974; x_wconf 83' lang='lat' dir='ltr'>tunc</span> <span class='ocrx_word' id='word_1_473' title='bbox 1143 2922 1286 2975; x_wconf 72' lang='lat' dir='ltr'>hom&#39;o</span> <span class='ocrx_word' id='word_1_474' title='bbox 1311 2927 1446 2975; x_wconf 84' lang='lat' dir='ltr'>semel</span> <span class='ocrx_word' id='word_1_475' title='bbox 1480 2927 1682 2986; x_wconf 90' lang='lat' dir='ltr'>duceret,</span> <span class='ocrx_word' id='word_1_476' title='bbox 1720 2927 1889 2975; x_wconf 71' lang='lat' dir='ltr'>etiarnsi</span> <span class='ocrx_word' id='word_1_477' title='bbox 1914 2941 1994 2989; x_wconf 91' lang='lat' dir='ltr'>per</span> <span class='ocrx_word' id='word_1_478' title='bbox 2015 2934 2199 2984; x_wconf 75' lang='lat' dir='ltr'>verum,</span> <span class='ocrx_word' id='word_1_479' title='bbox 2232 2926 2325 2974; x_wconf 86' lang='lat' dir='ltr'>dis-</span> 
     </span>
     <span class='ocr_line' id='line_1_41' title="bbox 324 2988 2267 3062; baseline 0.003 -28"><span class='ocrx_word' id='word_1_480' title='bbox 324 2988 480 3051; x_wconf 81' lang='lat' dir='ltr'>fiparet</span> <span class='ocrx_word' id='word_1_481' title='bbox 514 2989 678 3039; x_wconf 87' lang='lat' dir='ltr'>statum</span> <span class='ocrx_word' id='word_1_482' title='bbox 702 2993 839 3055; x_wconf 88' lang='lat' dir='ltr'>pacis,</span> <span class='ocrx_word' id='word_1_483' title='bbox 876 2993 981 3040; x_wconf 88' lang='lat' dir='ltr'>inde</span> <span class='ocrx_word' id='word_1_484' title='bbox 1005 2993 1126 3040; x_wconf 86' lang='lat' dir='ltr'>nulla</span> <span class='ocrx_word' id='word_1_485' title='bbox 1161 2992 1453 3062; x_wconf 53' lang='lat' dir='ltr'>conjunctim</span> <span class='ocrx_word' id='word_1_486' title='bbox 1487 2994 1695 3042; x_wconf 82' lang='lat' dir='ltr'>videatur</span> <span class='ocrx_word' id='word_1_487' title='bbox 1720 3009 1832 3042; x_wconf 87' lang='lat' dir='ltr'>mox</span> <span class='ocrx_word' id='word_1_488' title='bbox 1855 2992 1986 3056; x_wconf 87' lang='lat' dir='ltr'>supra</span> <span class='ocrx_word' id='word_1_489' title='bbox 2019 3008 2080 3039; x_wconf 86' lang='lat' dir='ltr'>n:</span> <span class='ocrx_word' id='word_1_490' title='bbox 2110 2992 2267 3059; x_wconf 64' lang='lat'><strong>85167</strong></span> 
     </span>
    </p>

    <p class='ocr_par' dir='ltr' id='par_1_4' title="bbox 320 3056 2332 3238">
     <span class='ocr_line' id='line_1_42' title="bbox 391 3056 2332 3125; baseline 0.002 -22"><span class='ocrx_word' id='word_1_491' title='bbox 391 3058 533 3116; x_wconf 84' lang='lat'>8518.</span> <span class='ocrx_word' id='word_1_492' title='bbox 569 3058 644 3105; x_wconf 87' lang='lat' dir='ltr'>Ne</span> <span class='ocrx_word' id='word_1_493' title='bbox 666 3070 792 3106; x_wconf 85' lang='lat' dir='ltr'>exeat</span> <span class='ocrx_word' id='word_1_494' title='bbox 815 3059 1052 3124; x_wconf 84' lang='lat' dir='ltr'>quisquam</span> <span class='ocrx_word' id='word_1_495' title='bbox 1076 3077 1100 3108; x_wconf 91' lang='lat' dir='ltr'>e</span> <span class='ocrx_word' id='word_1_496' title='bbox 1123 3060 1226 3109; x_wconf 93' lang='lat' dir='ltr'>loco</span> <span class='ocrx_word' id='word_1_497' title='bbox 1250 3060 1329 3109; x_wconf 89' lang='lat' dir='ltr'>suo</span> <span class='ocrx_word' id='word_1_498' title='bbox 1354 3063 1399 3109; x_wconf 90' lang='lat' dir='ltr'>in</span> <span class='ocrx_word' id='word_1_499' title='bbox 1424 3062 1498 3109; x_wconf 89' lang='lat' dir='ltr'>die</span> <span class='ocrx_word' id='word_1_500' title='bbox 1522 3060 1731 3125; x_wconf 87' lang='lat' dir='ltr'>septimo,</span> <span class='ocrx_word' id='word_1_501' title='bbox 1766 3056 1895 3125; x_wconf 86' lang='lat' dir='ltr'>quod</span> <span class='ocrx_word' id='word_1_502' title='bbox 1934 3058 2156 3123; x_wconf 76' lang='lat' dir='ltr'>significet</span> <span class='ocrx_word' id='word_1_503' title='bbox 2191 3058 2332 3124; x_wconf 40' lang='lat' dir='ltr'>quod*</span> 
     </span>
     <span class='ocr_line' id='line_1_43' title="bbox 321 3121 2322 3193; baseline 0.004 -27"><span class='ocrx_word' id='word_1_504' title='bbox 321 3121 599 3171; x_wconf 85' lang='lat' dir='ltr'>manendum</span> <span class='ocrx_word' id='word_1_505' title='bbox 632 3136 743 3174; x_wconf 89' lang='lat' dir='ltr'>tunc</span> <span class='ocrx_word' id='word_1_506' title='bbox 776 3126 823 3175; x_wconf 83' lang='lat' dir='ltr'>in</span> <span class='ocrx_word' id='word_1_507' title='bbox 846 3125 977 3184; x_wconf 81' lang='lat' dir='ltr'>statu,</span> <span class='ocrx_word' id='word_1_508' title='bbox 1013 3126 1185 3176; x_wconf 85' lang='lat' dir='ltr'>constat</span> <span class='ocrx_word' id='word_1_509' title='bbox 1213 3143 1271 3176; x_wconf 86' lang='lat' dir='ltr'>ex</span> <span class='ocrx_word' id='word_1_510' title='bbox 1306 3127 1391 3177; x_wconf 89' lang='lat' dir='ltr'>illis</span> <span class='ocrx_word' id='word_1_511' title='bbox 1421 3138 1527 3193; x_wconf 84' lang='lat' dir='ltr'>quae</span> <span class='ocrx_word' id='word_1_512' title='bbox 1567 3127 1697 3193; x_wconf 89' lang='lat' dir='ltr'>supra</span> <span class='ocrx_word' id='word_1_513' title='bbox 1736 3144 1796 3177; x_wconf 86' lang='lat' dir='ltr'>n:</span> <span class='ocrx_word' id='word_1_514' title='bbox 1825 3131 1968 3190; x_wconf 84' lang='lat'><strong>8494.</strong></span> <span class='ocrx_word' id='word_1_515' title='bbox 1998 3130 2143 3191; x_wconf 87' lang='lat'>8517,</span> <span class='ocrx_word' id='word_1_516' title='bbox 2177 3125 2322 3190; x_wconf 83' lang='lat' dir='ltr'>expli·</span> 
     </span>
     <span class='ocr_line' id='line_1_44' title="bbox 320 3187 2043 3238; baseline 0.003 -3"><span class='ocrx_word' id='word_1_517' title='bbox 320 3200 419 3236; x_wconf 80' lang='lat' dir='ltr'>cata</span> <span class='ocrx_word' id='word_1_518' title='bbox 442 3187 557 3238; x_wconf 84' lang='lat' dir='ltr'>sunt.</span> <span class='ocrx_word' id='word_1_519' title='bbox 641 3220 645 3223; x_wconf 20' lang='grc' dir='ltr'>κ</span> <span class='ocrx_word' id='word_1_520' title='bbox 742 3197 750 3203; x_wconf 74' lang='lat'><strong><em>‘</em></strong></span> <span class='ocrx_word' id='word_1_521' title='bbox 2039 3216 2043 3221; x_wconf 95' lang='lat'><em>·</em></span> 
     </span>
    </p>

    <p class='ocr_par' dir='ltr' id='par_1_5' title="bbox 2090 3258 2341 3326">
     <span class='ocr_line' id='line_1_45' title="bbox 2090 3258 2341 3326; baseline -0.012 -17"><span class='ocrx_word' id='word_1_522' title='bbox 2090 3261 2116 3309; x_wconf 86' lang='lat'><em>8</em></span> <span class='ocrx_word' id='word_1_523' title='bbox 2124 3275 2178 3324; x_wconf 87' lang='lat'>5¹</span> <span class='ocrx_word' id='word_1_524' title='bbox 2187 3276 2234 3326; x_wconf 86' lang='lat'>9.</span> <span class='ocrx_word' id='word_1_525' title='bbox 2258 3258 2341 3308; x_wconf 71' lang='lat' dir='ltr'>Et-</span> 
     </span>
    </p>
   </div>
  </div>
 </body>
</html>
