2722 3684
379 196 466 281 96
791 201 1841 281 'EXODUSH

386 341 498 385 num
522 326 753 376 coelestem
776 338 1019 391 mutuum‚;
1046 330 1219 395 constat
1240 346 1297 379 ex
1320 329 1644 395 significatione
1667 331 1940 396 interrogare
1968 331 2024 380 ad
2050 348 2227 397 pacem,
2262 333 2388 399 quod

390 392 456 441 fit
477 393 747 443 consociatio
768 395 923 460 quoad
948 396 1110 444 statum
1135 396 1361 445 Divinum
1391 397 1638 454 coelestem,
1674 396 1731 444 de
1751 413 1850 460 qua.
1874 397 2075 462 sequitur
2095 423 2109 458 3
2147 402 2197 449 &
2220 418 2277 448 ex
2300 402 2386 462 fig·

392 459 650 509 nificatione
682 462 754 509 vir
785 462 840 509 ad
878 461 1065 520 socium,
1100 464 1226 525 quod
1263 463 1317 510 fit
1355 476 1534 510 mutuo.
1606 462 1750 520 Quod
1776 465 2047 528 interrogare
2071 467 2125 514 ad
2151 482 2309 530 pacem
2335 468 2386 514 fit

395 525 664 576 consociatio
698 528 850 592 quoad
892 527 1055 575 statum
1079 529 1305 576 Divinum
1339 527 1588 586 coelestem,
1623 528 1686 575 est
1707 530 1811 593 quia
1834 531 1881 577 in
1904 530 2029 579 sensu
2053 532 2228 582 interno
2252 536 2386 582 inter-
2414 530 2416 533 ⁴

398 607 555 656 rogare
584 594 639 649 ad
670 609 845 658 pacem,
880 595 942 641 est
965 596 1242 657 interrogare
1264 595 1321 640 de
1344 596 1451 649 vita,
1488 593 1582 659 ejus
1616 594 1827 659 prospero
1856 595 2057 645 &ffelici
2080 619 2095 654 3
2131 611 2175 647 at
2198 598 2386 650 interro-

398 675 505 722 gare
527 659 581 707 ad
608 676 765 724 pacem
791 661 835 706 in
860 658 980 706 sensu
1005 658 1231 723 supremo,
1269 660 1342 707 ubi
1368 662 1519 724 agitur
1538 661 1595 708 de
1618 662 1793 710 Divino
1817 663 1947 722 Bono
1977 664 2026 711 &
2054 665 2178 713 Vero
2197 667 2389 727 Divino,

398 724 462 772 est
491 724 760 773 consociatio
788 726 940 789 quoad
974 725 1135 774 statum
1158 728 1386 775 Divinum
1409 726 1637 775 coelestem
1659 749 1673 783 ς
1709 743 1799 790 pax
1821 729 1943 778 enim
1967 731 2013 778 in
2035 729 2245 794 supremo
2267 733 2396 785 sensu

399 790 619 854 fignificat
641 793 918 857 Dominum,
954 793 1003 839 &
1024 792 1129 840 inde
1151 793 1316 840 statum
1350 792 1456 840 coeli
1480 793 1647 850 intimi,
1682 794 1761 840 ubi
1776 793 1850 848 ,illi
1872 795 1954 858 qui
1977 795 2023 842 in
2046 812 2200 846 amore
2221 799 2268 847 in
2291 802 2391 849 Do-

401 859 598 914 minum,
621 858 683 906 ·&
709 858 813 905 inde
836 859 1190 917 ininnocentia3
1227 860 1291 907 illi
1323 859 1459 907 etiam
1494 875 1590 924 prae
1621 859 1803 924 reliquis
1834 859 1935 908 sunt
1970 861 2018 909 in
2053 878 2164 926 pace
2200 867 2307 927 quia
2344 868 2391 915 in

399 923 622 982 Domino,
658 920 1008 977 statussillorum
1032 938 1220 973 vocatur
1242 926 1442 973 Divinus
1474 924 1700 982 coelestis;
1734 924 1839 974 inde
1870 925 1933 974 est
1963 929 2090 991 quod
2121 945 2203 993 per
2232 947 2390 995 pacem

316 1015 318 1017 ν
398 987 472 1037 hic
505 990 582 1038 iile>
609 983 746 1043 status
778 990 1077 1054 intelligatur:
1113 992 1229 1056 quid
1251 1007 1340 1056 pax
1362 992 1408 1039 in
1431 990 1644 1056 supremo
1666 993 1716 1041 &
1739 992 1785 1040 in
1808 993 1985 1042 interno
2006 992 2148 1053 sensu,
2183 997 2392 1048 videatur

396 1072 460 1104 n:
488 1059 631 1121 3780.
647 1044 800 1122 4681.
828 1058 968 1120 5662.
999 1062 1141 1121 8455.
2059 1059 2062 1062 ’

469 1124 622 1182 8666(
646 1123 711 1172 Et
739 1136 960 1171 venerunt
992 1124 1036 1171 in
1071 1124 1333 1182 tentorium,
1369 1123 1495 1189 quod
1518 1124 1740 1189 fignificet
1762 1124 1963 1174 sandi-um
1985 1127 2183 1187 unionis,
2218 1129 2391 1180 constat

397 1207 455 1241 ex
477 1188 808 1255 „significatione
839 1190 1035 1247 tentorii,
1082 1192 1212 1254 quod
1245 1191 1299 1238 fit
1334 1190 1534 1239 sanctum
1568 1193 1750 1249 amoris,
1798 1192 1855 1240 de
1889 1209 1980 1257 qua
2018 1210 2080 1244 n:
2104 1211 2219 1256 414.
2248 1213 2389 1249 1102.

399 1274 542 1321 2¹45·
571 1273 712 1320 2152.
737 1261 885 1318 4128,
922 1257 981 1304 ita
1015 1255 1215 1324 sanctum
1256 1257 1452 1313 unionis,
1487 1257 1594 1321 quia
1627 1273 1755 1305 amor
1774 1257 1838 1305 est
1861 1261 2003 1316 unio;
2038 1260 2143 1309 inde
2165 1263 2317 1310 venire
2343 1264 2388 1311 in

395 1317 662 1380 tentorium,
697 1322 761 1370 est
794 1339 851 1370 ex
889 1320 1035 1369 sancto
1066 1324 1220 1369 amore
1248 1323 1381 1374 uniri.
1451 1325 1626 1387 Agitur
1648 1324 1708 1386 in·
1727 1323 1816 1371 hoc
1838 1324 1982 1372 Versu
2013 1325 2071 1374 de
2093 1326 2280 1377 Unione
2302 1330 2394 1387 Di<

390 1392 490 1438 ivini
515 1390 630 1438 Boni
654 1405 762 1437 cum
782 1389 903 1436 Vero
925 1389 1099 1435 Divino
1119 1410 1145 1445 ;¹
1170 1389 1219 1436 &
1247 1389 1352 1452 quia
1381 1391 1533 1442 omnis
1572 1390 1682 1437 unio
1721 1390 1776 1437 fit
1809 1391 2015 1453 primum
2049 1407 2130 1456 per
2161 1394 2388 1443 influxum

334 1491 341 1498 Ι
393 1458 527 1510 unius
548 1458 595 1504 in
617 1455 808 1504 alterum
832 1470 883 1503 ac
904 1453 1010 1502 inde
1036 1456 1392 1519 perceptionem,
1428 1456 1531 1505 dein
1565 1469 1644 1520 per
1673 1455 2041 1520 applicationem,
2075 1469 2179 1506 tum
2200 1475 2281 1523 per
2301 1460 2389 1510 im-·

392 1524 663 1579 mistionem,
698 1521 848 1585 postea
871 1536 951 1585 per
973 1519 1372 1585 conjunffionem3
1408 1521 1580 1570 idcirco
1602 1522 1806 1585 primum
1829 1522 2094 1571 describitur
2116 1525 2314 1573 influxus
2338 1528 2387 1576 &

391 1590 497 1638 inde
534 1589 783 1654 perceptio,
819 1604 878 1636 n:
908 1588 1053 1645 8660,
1088 1587 1192 1636 dein
1231 1588 1470 1652 applicatio
1505 1605 1563 1636 n:
1593 1587 1738 1646 8662,
1772 1600 1876 1637 tum
1911 1590 2127 1639 immiffio
2159 1592 2385 1657 n:8663‚

390 1655 542 1722 postea
565 1652 843 1716 conjunctio,
883 1671 912 1702 n
933 1672 943 1702 :
972 1654 1115 1715 8664,
1151 1654 1343 1702 demum
1367 1655 1479 1703 unio
1500 1670 1582 1719 per
1601 1671 1818 1703 amorem.
2259 1691 2262 1693 -

460 1715 601 1787 8667.
652 1720 795 1769 Vers:
834 1726 876 1771 83
914 1739 959 1786 9.
991 1738 1065 1771 10.
1097 1739 1166 1770 11.
1237 1723 1302 1769 Et
1343 1723 1549 1769 narravit
1582 1721 1789 1786 Moscheh
1821 1722 1966 1786 socero
1996 1723 2080 1785 fico
2121 1739 2237 1772 omne
2278 1725 2390 1790 quod

378 1790 551 1853 fecerat
585 1786 790 1852 Jehovah
830 1787 1057 1835 Pharaoni
1101 1788 1152 1840 ΕΒ
1180 1788 1404 1850 AEgyptiis
1440 1797 1621 1851 propter
1663 1789 1811 1852 causas
1848 1788 2049 1853 Israeli53
2098 1806 2253 1838 omnem
2297 1808 2387 1839 mo·

385 1856 542 1914 lolliam
572 1871 664 1920 quae
701 1855 866 1901 invenit
903 1853 996 1901 illos
1033 1855 1080 1901 in
1115 1855 1214 1910 via,
1248 1854 1305 1903 &
1335 1855 1494 1916 eripuit
1531 1853 1624 1902 illos
1644 1854 1863 1918 Jehovah.
1900 1857 1997 1911 *Et
2053 1856 2202 1918 avifus
2231 1856 2286 1918 est
2305 1860 2385 1922 Je-

387 1923 489 1972 thro
522 1924 656 1986 super
699 1916 826 1981 omni„
850 1920 970 1977 bono,
1017 1920 1127 1985 quod
1149 1920 1263 1983 fecit
1295 1920 1500 1984 Jehovah
1538 1920 1706 1984 Israeli,
1755 1923 1829 1986 qui
1870 1871 2054 1984 erxspustg
2072 1921 2166 1970 illos
2199 1939 2222 1970 e
2247 1940 2388 1972 -manu

387 1991 703 2052 AEgyptiorum.
756 1988 819 2035 Et
841 1986 953 2034 dixit
969 1987 1143 2050 Jcthro,
1164 1987 1398 2035 benediHus
1411 1986 1634 2051 Jehovah,
1657 1988 1731 2051 qui
1751 1989 1907 2050 eripw't
1929 2003 2006 2035 vos
2027 2004 2050 2036 e
2070 2004 2197 2036 manu
2210 1985 2385 2052 AEgyp-

386 2059 558 2104 tiorum.
627 2056 692 2103 Et
726 2069 749 2101 e
782 2069 909 2101 manu
932 2053 1194 2110 Pharaonis,
1227 2055 1302 2117 qui
1332 2055 1490 2115 erzpuit
1508 2053 1712 2118 populum
1724 2054 1851 2117 suum
1873 2069 1895 2102 e
1903 2052 1989 2118 sub
2011 2070 2138 2103 manu
2151 2057 2385 2119 AEgyptio·

387 2122 496 2171 tu'm.
566 2121 698 2170 Nunc
735 2122 839 2168 novi
870 2120 979 2184 quod
1009 2135 1186 2182 magnus
1206 2119 1411 2183 Jehovah
1442 2132 1532 2183 prae
1562 2120 1748 2168 omnibus
1779 2119 1877 2178 diis,
1912 2122 2013 2185 quia
2035 2132 2259 2183 eapropter
2277 2122 2387 2188 quod

375 2185 696 2253 superbiverin't
708 2187 841 2250 super
860 2186 964 2233 illos.
1033 2185 1099 2234 Et
1122 2187 1317 2234 narravit
1339 2185 1563 2234 Moscheh
1595 2184 1745 2235 socero
1781 2184 1861 2235 suo
1889 2202 2028 2235 omne
2058 2184 2186 2250 quod
2218 2186 2385 2236 fecerat

386 2254 593 2318 Jehovah
617 2253 837 2300 Pharaoni
873 2253 922 2299 ὅτ
944 2252 1199 2316 AEgyptiis,
1233 2251 1455 2316 fignificat
1490 2252 1827 2316 perceptionem
1867 2264 1978 2300 tunc
2009 2269 2036 2300 a
2057 2253 2185 2301 Vero
2205 2254 2384 2302 Divino

386 2322 445 2370 de
477 2321 693 2385 potentia,
722 2318 890 2381 [Divini
912 2318 1126 2365 Humani
1147 2319 1342 2366 Domini
1370 2329 1527 2366 contra
1559 2317 1659 2366 illos
1691 2319 1840 2382 quiin
1864 2316 1979 2366 falfis
2002 2316 2203 2377 fuerunt,
2238 2320 2289 2368 &
2312 2321 2382 2367 in-

387 2381 686 2436 festaverunt:
722 2396 907 2449 propter
938 2382 1085 2432 causas
1106 2384 1290 2442 Israelis,
1324 2383 1546 2448 fignificat
1580 2400 1667 2448 pro
1703 2385 1804 2432 illis
1828 2385 1911 2448 qui
1941 2383 1999 2433 ab
2021 2385 2222 2434 Ecclefia
2256 2385 2382 2451 spiri-r

383 2455 493 2503 tuali
513 2474 524 2502 ι
560 2468 746 2502 omnem
772 2449 1023 2499 molestiam
1047 2467 1153 2515 quae
1173 2451 1346 2499 invenit
1369 2450 1470 2499 illos
1502 2452 1550 2498 in
1574 2453 1663 2508 via,
1698 2450 1921 2515 fignificat
1942 2450 2144 2500 laborem
2167 2452 2214 2500 in
2238 2464 2380 2502 tenta-

384 2522 615 2569 tionibus:
653 2519 703 2567 &
734 2518 901 2582 eripuit
934 2517 1035 2565 illos
1057 2517 1282 2578 Jehovah,
1317 2517 1540 2581 fignificat
1569 2517 1877 2566 liberationem
1912 2533 1970 2565 ex
1991 2518 2162 2566 Divina
2183 2519 2379 2568 Domini

384 2603 499 2652 ope:
535 2587 585 2634 &
609 2583 786 2648 gavisus
808 2583 871 2631 est
894 2582 1071 2645 Jethro,
1107 2583 1238 2649 super
1269 2585 1398 2632 omni
1429 2583 1550 2633 bono
1581 2583 1708 2648 quod
1731 2582 1839 2632 fecit
1860 2584 2068 2646 Jehovah
2094 2583 2254 2643 Israeli,
2289 2585 2380 2650 fig-

384 2653 538 2703 nificat
573 2650 739 2699 statum
770 2651 932 2698 Divini
953 2650 1070 2698 Boni
1109 2666 1218 2698 cum
1260 2650 1504 2698 succedunt
1541 2651 1722 2698 omnia:
1758 2650 1840 2714 qui
1878 2650 2044 2714 eripuit
2072 2650 2172 2698 illos
2194 2667 2219 2699 e
2243 2666 2379 2700 manu

385 2719 736 2785 AEgyptiorum,
772 2715 993 2779 fignificat
1020 2715 1083 2764 ob
1116 2716 1423 2765 liberationem
1447 2716 1503 2764 ab
1527 2715 1831 2765 infestantium
1855 2715 2021 2764 insultu
2041 2735 2053 2766 ε
2090 2718 2140 2765 &
2163 2717 2280 2765 dixit
2301 2718 2379 2779 Je-

383 2779 504 2844 th'ro,
531 2782 790 2834 benedictus
807 2781 1031 2844 Jehovah,
1055 2781 1277 2846 fignificat
1291 2784 1519 2831 Divinum
1545 2784 1760 2831 Bonum:
1797 2784 1877 2847 qui
1896 2784 2060 2847 eripuit
2082 2798 2166 2831 vos
2189 2799 2214 2830 e
2237 2799 2375 2831 manu

384 2853 716 2918 AEgy‘ptiorum
741 2851 790 2898 &
812 2866 836 2896 e
860 2865 997 2896 manu
1019 2848 1279 2907 Pharaonis,
1315 2849 1536 2913 fignificat
1567 2849 1878 2898 liberationem
1902 2849 1960 2897 ab
1981 2849 2145 2896 insultu
2169 2846 2377 2898 infestan-

382 2922 499 2967 tium
520 2939 530 2968 :
568 2918 648 2982 qui
671 2916 834 2980 eripuit
858 2915 1083 2979 populum
1106 2914 1237 2964 suum
1259 2932 1286 2963 e
1306 2915 1388 2963 sub
1411 2931 1548 2963 manu
1568 2916 1917 2980 AEgyptiorum,
1952 2914 2172 2979 fignificat
2208 2913 2375 2963 miseri-

379 2987 583 3036 cordiam
617 2999 723 3048 erga
755 2982 855 3032 illos
890 2982 975 3045 qui
1003 2982 1050 3028 in
1072 2980 1195 3030 bono
1217 2982 1385 3030 veri&
1408 2997 1518 3030 vero
1541 2981 1676 3044 boni:
1711 2998 1834 3030 nunc
1870 2982 1980 3030 novi
2015 2981 2142 3045 quod
2181 2997 2376 3046 magnus

378 3052 584 3115 Jehovah
606 3067 703 3115 prae
722 3047 936 3098 omnibus
958 3047 1060 3105 diis,
1095 3048 1318 3112 fignificat
1339 3049 1600 3097 Dominum
1633 3048 1757 3112 quod
1792 3048 1942 3096 nullus
1963 3047 2090 3095 Deus
2111 3060 2278 3112 praeter
2294 3049 2374 3113 11³ss

375 3119 502 3167 sum:
538 3119 644 3182 quia
665 3127 902 3182 eapropter
923 3113 1051 3178 quod
1074 3113 1398 3178 superbiverint
1419 3114 1548 3182 super
1570 3114 1690 3174 illos,
1724 3114 1944 3179 fignificat
1965 3113 2028 3173 ob
2049 3125 2263 3163 conatum
2289 3114 2373 3164 do·

368 3185 571 3238 minandi
603 3184 733 3248 super
756 3183 858 3233 illos
879 3181 960 3249 qui
983 3179 1040 3229 ab
1062 3179 1275 3235 Ecclesia.

2131 3246 2276 3299 8668.
2311 3247 2375 3298 Et
