2722 3684
497 149 893 231 CAPUT
960 161 1616 229 VIGESIMUM
1676 163 2158 232 PRIMUM.
2214 190 2345 260 257

366 295 568 343 ancillam
575 294 703 357 fitam
725 293 887 348 bacula,
937 292 994 342 ἐξ
1010 282 1313 354 moriatur-fieb
1335 306 1465 338 manu
1481 291 1588 350 ejus,
1635 288 1889 338 vindicando
1908 291 2207 342 vindicabitur.
2274 297 2341 351 At

364 361 558 419 tamensi
577 359 684 407 diem
707 358 782 409 vel
801 357 972 406 biduum
981 359 1172 420 steterit,
1208 373 1288 405 non
1309 357 1616 413 vindicabitur,
1653 360 1751 420 quia
1774 367 1994 421 argentum
2009 358 2098 420 effus
2114 359 2199 408 ille.
2269 361 2337 411 Et

356 442 462 474 cum
487 425 766 489 litigaverint
787 425 890 476 viri,
929 424 1146 489 fignificat
1167 424 1506 473 contentionem
1529 423 1652 486 apud
1679 423 1721 469 se
1744 423 1802 469 de
1826 424 1940 470 veris
1961 440 1970 469 :
2008 425 2058 471 δε
2078 427 2336 488 percusserit

353 492 426 540 vir
449 491 616 539 socium
641 489 772 537 suum
795 489 946 553 lapide
967 491 1042 538 vel
1065 506 1242 554 pugno,
1277 490 1496 553 fignificat
1516 488 1866 537 infirmationem
1890 489 2022 537 unius
2043 505 2100 539 ex
2125 506 2232 538 vero
2254 493 2335 540 ali-

353 572 449 621 quo
473 555 718 604 scientifico
736 568 814 604 aut
830 558 1071 604 communi
1091 575 1102 605 :
1138 559 1189 605 &
1208 573 1298 605 non
1324 558 1533 612 moritur,
1570 555 1790 618 fignificat
1813 556 1863 603 δε
1888 570 1978 601 non
2002 555 2333 618 exstinguitur:

306 681 308 683 V
351 624 402 670 &
425 621 659 671 decumbit
683 621 728 668 in
753 621 886 679 lecto,
925 621 1145 686 fignificat
1169 623 1421 688 separatum
1446 624 1492 670 in
1518 622 1705 669 naturali
1726 638 1738 668 :
1763 621 1796 668 fi
1838 620 2077 669 surrexerit
2099 622 2149 670 δι
2169 624 2334 671 ambu-

349 687 512 736 laverit
529 688 636 735 foris
656 686 788 751 super
807 687 1002 752 scipione
1027 689 1125 746 suo,
1162 689 1386 752 fignificat
1406 689 1520 735 vires
1539 687 1646 735 vitae
1672 687 1717 733 in
1742 687 1852 734 illo:
1890 686 2039 734 insons
2062 689 2147 736 erit
2171 703 2332 752 percu-

350 755 483 810 tiens,
521 753 746 814 fignificat
769 769 859 801 non
883 764 1011 803 reum
1034 754 1118 801 efl‘e
1143 755 1252 806 mali
1272 773 1284 804 ε
1322 766 1501 802 tantum
1519 752 1808 816 cessationem
1827 750 1918 814 ejus
1935 752 2079 810 dabit,
2114 753 2333 816 fignificat

355 818 853 873 indemnificationem:
905 820 956 867 ὅτ
994 820 1195 867 curando
1233 820 1423 876 curabit,
1468 819 1688 880 fignificat
1734 817 2062 866 restitutionem
2084 836 2095 865 :
2138 820 2188 867 &
2222 836 2331 869 cum

350 885 608 947 percusserit
630 887 701 932 vir
725 883 909 934 servum
934 885 1062 935 suum
1086 897 1165 933 aut
1185 886 1392 934 ancillam
1422 885 1542 932 suam
1567 884 1748 940 baculo,
1787 883 2009 945 fignificat
2037 885 2067 932 fi
2091 885 2189 948 quis
2214 886 2331 934 intra

347 947 599 999 Eccleliam
634 965 795 999 verum
836 950 1132 999 scientificum
1155 962 1234 999 aut
1255 951 1550 1002 affectionem
1572 947 1667 1011 ejus
1688 965 1744 996 ex
1769 949 1951 1018 propria
1973 951 2176 1013 potentia
2212 954 2330 1000 male

350 1017 512 1068 habet:
567 1018 614 1064 &
643 1017 835 1064 moritur
874 1016 953 1064 sub
993 1032 1130 1065 manu
1166 1014 1278 1078 ejus,
1321 1017 1541 1080 fignificat
1563 1027 1616 1062 ut
1639 1015 1954 1076 exstinguatur
1979 1015 2062 1062 sub
2083 1015 2330 1066 intuitione

346 1081 468 1146 ejus:
508 1081 778 1128 vindicando
804 1082 1122 1139 vindicabitur,
1142 1082 1363 1144 significat
1385 1081 1674 1146 punitionem
1701 1082 1891 1128 mortis:
1925 1093 2122 1130 attamen
2146 1082 2180 1129 fi
2203 1083 2328 1132 diem

345 1147 421 1195 vel
457 1147 651 1197 biduum
685 1146 871 1204 steterit,
906 1147 1127 1212 significat
1148 1148 1314 1196 statum
1338 1147 1450 1195 vitae
1475 1147 1698 1195 manentis
1720 1145 1863 1212 usque
1886 1146 1941 1193 ad
1965 1146 2155 1212 plenum
2178 1165 2189 1194 ε
2234 1165 2330 1196 non

342 1213 667 1269 vindicabitur,
703 1213 926 1276 fignificat
946 1230 1035 1266 non
1052 1213 1340 1276 punitionem
1366 1215 1556 1262 mortis:
1593 1211 1700 1276 quia
1722 1223 1968 1275 argentum
1994 1207 2089 1276 ejus
2111 1212 2205 1271 ille,
2238 1214 2331 1279 fig-

342 1279 495 1328 nificat
522 1295 580 1326 ex
604 1281 790 1342 proprio
809 1279 1092 1343 acquisitum.

406 1360 553 1408 9024.
604 1345 670 1392 Et
709 1360 816 1402 cum
849 1345 1128 1407 litigaverint
1164 1344 1269 1402 viri,
1303 1344 1429 1410 quod
1455 1343 1676 1409 significet
1697 1343 2037 1392 contentionem
2062 1344 2183 1412 apud
2206 1345 2249 1394 se
2270 1346 2330 1396 de

347 1412 480 1467 veris,
516 1409 688 1459 constat
710 1425 766 1462 ex
791 1410 1114 1475 significatione
1136 1411 1330 1474 litigare,
1366 1411 1493 1476 quod
1519 1410 1569 1463 fit
1590 1410 1877 1467 contendere,
1911 1410 1969 1457 de
1986 1425 2077 1475 qua
2096 1410 2327 1475 sequitur,

338 1478 393 1524 ὅτ.
416 1492 472 1523 ex
495 1475 821 1540 significatione
840 1476 1064 1534 virorum,
1098 1476 1225 1542 quod
1243 1478 1330 1526 sint
1347 1476 1649 1537 intelligentes
1667 1475 1716 1523 δε
1731 1476 1812 1540 qui
1832 1476 1877 1523 in
1896 1475 2032 1537 veris,
2066 1476 2180 1524 acin
2199 1477 2325 1526 sensu

341 1541 561 1597 abstracto
585 1540 904 1591 intellefitualia
925 1543 976 1592 ὅτ.
998 1538 1124 1601 vera,
1175 1542 1234 1590 de
1257 1557 1348 1608 qua
1370 1558 1427 1596 n:
1459 1558 1604 1606 3134.
1629 1556 1760 1609 9007
1781 1563 1796 1596 ς
1852 1542 1960 1595 inde
1983 1540 2179 1606 litigatio
2202 1544 2327 1592 viro-

339 1623 440 1656 rum
479 1606 700 1669 fignificat
736 1608 1075 1665 contentionem
1097 1607 1157 1656 de
1180 1609 1299 1657 veris
1331 1608 1447 1658 inter
1482 1606 1582 1655 illos
1617 1608 1699 1671 qui
1721 1607 1778 1654 ab
1801 1606 2019 1663 Ecclefia,
2054 1606 2105 1661 ὅτ
2129 1609 2174 1655 in
2198 1608 2326 1657 sensu

336 1673 558 1722 abstradto
592 1673 651 1720 de
686 1671 775 1720 illis
810 1673 934 1738 apud
970 1671 1050 1732 se;
1095 1689 1201 1722 nam
1225 1674 1403 1737 litigare
1426 1675 1471 1721 in
1497 1673 1618 1725 sensu
1644 1672 1865 1737 spirituali
1889 1673 1951 1720 est
1971 1674 2244 1725 contendere
2264 1675 2324 1723 de

337 1740 500 1790 talibus
523 1754 634 1803 quae
657 1736 868 1787 Eccleliae
892 1740 1008 1797 sunt,
1062 1739 1256 1804 proinde
1278 1756 1387 1804 quae
1409 1739 1516 1788 fidei
1539 1759 1554 1793 3
1606 1741 1652 1785 in
1677 1738 1835 1785 Verbo
1857 1753 1948 1785 non
1974 1738 2098 1788 aliud
2122 1755 2202 1803 per
2223 1740 2325 1788 liti-

330 1821 447 1869 gare
472 1803 756 1868 intelligitur,
792 1820 896 1852 narn
918 1805 1125 1855 Verbum
1150 1805 1215 1853 est
1235 1804 1479 1869 spirituale,
1515 1804 1564 1858 &
1581 1804 1675 1868 agit
1692 1803 1749 1852 de
1768 1803 2092 1869 spiritualibus,
2127 1805 2217 1853 hoc
2238 1806 2325 1863 est,

337 1873 397 1919 de
415 1870 501 1918 illis
518 1885 630 1935 quae
649 1869 752 1919 sunt
773 1869 986 1928 Domini,
1004 1925 1011 1928 ,
1030 1871 1175 1936 Ipsius
1200 1871 1355 1933 Regni
1386 1871 1434 1923 in
1461 1869 1596 1917 Coelo
1624 1869 1675 1918 ὅτ
1701 1870 1855 1934 Regni
1882 1871 1928 1917 in
1959 1882 2091 1928 terra,
2127 1871 2215 1919 hoc
2237 1871 2321 1931 est,

335 1935 582 1985 Ecclesiae:
606 1935 731 2000 quod
750 1935 930 1999 litigare
947 1936 993 1985 in
1011 1937 1171 1987 Verbo
1189 1937 1410 2001 significet
1426 1936 1767 1991 contentionem
1785 1936 1844 1983 de
1863 1937 1993 1992 veriS,
2018 1937 2068 1984 &
2087 1937 2132 1984 in
2151 1951 2324 1999 genere

336 2018 423 2067 pro
445 2001 563 2049 veris
584 2012 741 2053 contra
763 1999 884 2058 falsa,
936 2014 988 2053 ut
1011 2002 1062 2052 &
1083 2002 1409 2059 defensionem,
1459 2003 1509 2057 δε
1531 2001 1850 2055 liberationem
1870 2017 1894 2048 a
1915 2001 2046 2058 falfis,
2081 2018 2107 2049 a
2130 2002 2321 2069 sequen·

335 2069 456 2119 tibus
478 2067 546 2114 his
563 2066 674 2116 locis
690 2078 811 2131 patet
831 2089 845 2122 3
891 2068 1012 2132 apud
1031 2068 1281 2135 Jeremiam
1317 2076 1354 2099 ‘⁶
1373 2068 1518 2116 Venit
1533 2067 1757 2117 turnultus
1774 2067 1911 2133 usque
1927 2067 1981 2115 ad
2002 2067 2143 2117 finem
2168 2083 2321 2128 terrae,

334 2136 555 2198 quoniam
577 2133 660 2180 Lis
675 2131 857 2195 Jehovae
871 2143 1019 2187 cantra
1029 2144 1192 2201 gentes,
1225 2133 1447 2196 judicium
1472 2133 1660 2189 intrabit
1680 2149 1790 2182 curn
1812 2134 1942 2182 omni
1965 2149 2110 2191 carne,
2146 2134 2319 2200 impios

330 2200 481 2255 ‘tradet
520 2197 693 2262 gladio,
744 2214 848 2246 ecce
889 2199 1067 2248 malum
1106 2201 1258 2253 existit
1280 2201 1338 2257 de
1360 2211 1497 2265 gente
1521 2199 1578 2247 ad
1606 2209 1611 2212 ·
1636 2211 1808 2257 entem,
1843 2199 1893 2248 ὅτ,
1917 2200 2112 2265 procella
2149 2217 2318 2264 magna

335 2264 605 2313 excitabitur
626 2279 652 2310 a
674 2263 885 2318 lateribus
901 2277 1028 2315 terrae
1044 2264 1078 2286 ''
1129 2282 1225 2314 xxv
1246 2283 1257 2313 :
1282 2284 1307 2330 3
1322 2285 1362 2318 1.
1390 2267 1473 2330 32,
1524 2215 1789 2320 delffribitur
1811 2265 1871 2313 fic
1891 2265 2155 2330 prophetice
2178 2267 2319 2316 status

335 2330 547 2380 Ecclefiae
580 2329 826 2393 perversuS,
871 2331 1093 2386 turnultus
1115 2332 1180 2387 est
1201 2332 1433 2387 contentio
1457 2346 1540 2396 pro
1562 2330 1674 2378 falfis
1695 2343 1852 2379 contra
1874 2347 1977 2379 vera
2000 2333 2050 2380 δε
2074 2347 2159 2395 pro
2183 2334 2316 2382 malis

245 2446 250 2454 ,
328 2407 490 2449 contra
524 2395 640 2454 bona
662 2416 677 2450 ς
713 2407 830 2447 terra
851 2395 915 2444 est
941 2397 1135 2450 Ecclefia
1155 2418 1171 2452 3
1216 2397 1271 2445 lis
1294 2398 1492 2460 Jehovae
1513 2408 1668 2452 contra
1688 2409 1847 2460 gentes
1869 2395 1934 2443 est
1956 2399 2190 2446 contentio
2214 2399 2313 2447 Do-

334 2461 450 2511 mini
484 2473 580 2524 pro
602 2462 719 2508 veris
749 2474 908 2511 contra
945 2461 1067 2523 falsa,
1102 2462 1260 2527 &pro
1283 2462 1412 2511 bonis
1433 2474 1592 2511 contra
1614 2464 1749 2519 mala,
1785 2462 1846 2510 ita
1868 2477 2052 2526 quoque
2075 2462 2276 2512 defenfio
2295 2485 2314 2520 ς

359 2537 489 2574 entes
513 2526 611 2574 sunt
645 2524 750 2578 falsa
771 2527 821 2575 &
845 2528 966 2577 mala
986 2548 1003 2584 ς
1051 2528 1231 2592 gladius
1254 2529 1317 2577 est
1341 2528 1518 2584 falsum,
1542 2544 1750 2591 pugnans
1774 2528 1824 2576 &
1845 2527 2024 2575 vincens
2044 2549 2059 2582 ;
2112 2530 2311 2592 procella

345 2644 349 2649 ,
409 2607 501 2654 gna
529 2589 594 2641 est
621 2589 780 2644 falsum
816 2592 1088 2650 dominans;
1140 2594 1276 2649 latera
1299 2606 1430 2642 terrae
1462 2594 1562 2642 sunt
1586 2594 1665 2641 ubi
1678 2592 1795 2651 falsa
1815 2609 1873 2646 ex
1897 2593 2019 2641 malo
2042 2609 2309 2660 erumpunt.

418 2656 479 2704 ud
498 2655 709 2704 Eundem
748 2664 784 2687 “
801 2657 1001 2719 Jehovab
1022 2659 1211 2727 litigabit
1229 2660 1346 2714 litem
1368 2675 1528 2716 eorum,
1551 2670 1606 2707 ut
1621 2661 1828 2723 quietem
1845 2659 1924 2708 det
1941 2671 2070 2712 terrae
2083 2659 2116 2683 ⁸’
2142 2676 2168 2708 t
2187 2657 2206 2708 ε’
2227 2679 2309 2724 34,

328 2723 507 2786 litigare
527 2721 657 2769 litem
681 2736 766 2785 pro
788 2721 1029 2781 defendere
1051 2741 1156 2779 vera
1179 2739 1335 2781 contra
1360 2724 1481 2782 falsa,
1517 2726 1567 2773 &
1586 2725 1802 2780 libera⁴re3
1836 2735 1952 2774 terra
1981 2740 2065 2790 pro
2088 2725 2307 2786 Ecclefia,

324 2788 398 2838 cui
413 2788 542 2853 quies
556 2802 662 2834 cum
679 2785 804 2835 estin
831 2789 1018 2839 bono&
1037 2791 1143 2840 inde
1163 2791 1208 2845 in
1228 2792 1361 2842 veriS.
1415 2790 1564 2856 Apud
1589 2790 1810 2839 Eundem
1845 2797 1879 2821 “
1901 2791 2104 2857 Litigasti
2126 2794 2308 2841 Domine

324 2854 419 2913 lites
439 2857 591 2910 animae
613 2868 728 2910 meae,
761 2852 952 2912 liberasti
975 2856 1119 2906 vitam
1147 2873 1300 2913 meam
1318 2857 1350 2882 ’⁹
1375 2857 1566 2914 Thren:
1592 2871 1656 2915 ιιι
1677 2873 1688 2903 :
1714 2860 1794 2918 58,
1829 2855 2005 2927 litigare
2022 2858 2121 2907 lites
2137 2858 2308 2908 animae

321 2935 418 2990 pro
451 2919 691 2977 defendere
711 2918 760 2967 &
785 2919 973 2978 liberare
990 2937 1017 2971 a
1039 2920 1170 2981 fallis.
1242 2923 1388 2986 Apud
1414 2921 1650 2978 Davidem
1690 2920 1895 2988 “'Litiga
1924 2922 2039 2972 litem
2070 2940 2217 2981 mmm,
2254 2926 2307 2977 δι’

326 2985 499 3044 redime
519 3000 623 3046 me,
653 2983 784 3050 juxta
818 2988 1012 3044 verbum
1052 2999 1189 3044 tuum
1223 2988 1409 3037 vivifica
1441 2986 1570 3045 me”
1595 2986 1775 3046 Psalm:
1801 3003 1942 3048 cxix:
1975 3005 2084 3052 154,
2130 2989 2307 3053 litigare

320 3048 453 3107 litem
490 3051 627 3102 etiam
664 3065 750 3115 pro
783 3053 964 3109 liberare
985 3069 1012 3111 a
1034 3051 1162 3107 falfis.
1248 3053 1397 3119 Apud
1435 3052 1646 3102 Micham
1700 3061 1739 3085 “
1762 3054 1915 3118 Litiga
1950 3071 2043 3103 cum
2077 3055 2305 3114 montibus,

323 3114 380 3175 δί,
398 3116 588 3177 audiant
605 3117 745 3179 colles
763 3135 924 3180 vocem
944 3121 1117 3183 tuam’s
1151 3133 1236 3174 vi:
1266 3135 1326 3242 113
1357 3117 1535 3245 {tigne
1554 3135 1660 3181 eum
1683 3121 1914 3181 montibus
1930 3136 2017 3187 pro
2039 3121 2311 3237 contendegce
