2722 3684
1086 51 1093 75 l

371 197 504 247 112
777 158 1874 249 EXODU'S.
2334 256 2351 280 ⁹

361 305 553 353 debuerit
574 304 711 354 decem
748 305 864 362 mille
885 305 1080 361 talen.ta;
1130 305 1180 353 &
1200 303 1327 368 quod
1350 304 1602 354 conservus.
1615 305 1654 353 ei
1675 305 1881 355 debuerit
1902 314 2067 356 centum
2087 302 2288 356 danarios
2313 304 2352 328 ’''

364 372 522 419 Matth
543 390 553 419 :
578 387 736 420 xvrn:
777 389 856 431 24.
882 376 939 422 28
960 391 971 421 :
1025 371 1229 420 similiter
1250 371 1328 419 ubi
1353 370 1411 418 de
1443 372 1575 432 Rege
1596 373 1896 433 commiffurp
1917 389 2021 422 cum
2045 373 2187 421 altero
2211 373 2359 436 Rege*

365 437 558 495 bellum,
594 439 872 488 consultante
893 456 1004 487 num
1028 450 1188 501 potens
1209 436 1316 485 effet
1337 452 1442 484 cum
1474 436 1610 486 decem
1644 437 1825 486 millibus
1843 454 2049 487 ocurrere
2068 439 2225 495 ,alter-i,
2259 439 2357 503 qui«

360 518 467 550 cum
486 507 643 568 viginti
659 505 845 553 millibus
863 508 1035 552 veniret
1052 502 1083 526 '⁹
1102 503 1205 550 Luc
1223 519 1234 549 ε
1252 518 1341 550 xiv
1361 519 1372 549 :
1399 518 1425 566 3
1439 521 1478 554 1.
1509 504 1677 552 Pariter
1697 505 2347 569 apudJohannem“Angelus

367 570 634 619 descendens
658 573 714 619 de
736 573 854 618 coelo
877 568 1223 633 comprehendit
1246 569 1507 627 draconem,
1543 571 1593 619 ὅτ
1627 570 1776 619 vinxit
1813 571 1946 620 illum
1976 570 2087 620 mille
2109 587 2258 629 annos,
2293 572 2346 620 δε

368 635 560 698 conjecit
585 638 711 685 illum
739 638 783 683 in
808 637 1032 698 abyffum,
1074 647 1122 681 ut
1147 650 1237 682 non
1266 634 1492 683 seduceret
1515 650 1673 699 gentes
1692 637 1906 700 amplius,
1953 637 2211 702 usquedum
2233 654 2346 686 con-

367 701 696 750 summare—ntur
719 703 850 750 Mille
872 705 972 748 anni
993 723 1006 756 3
1042 701 1198 764 reliqui
1225 715 1508 749 mortuorum
1535 718 1625 750 non
1645 703 1924 761 revixerunt,
1978 717 2219 766 antequam
2239 720 2347 752 con-

365 768 578 816 summati
607 771 704 816 sunt
726 769 839 816 mille
861 769 997 822 anni;
1050 766 1147 814 haec
1171 767 1444 815 resuscitatio
1467 769 1615 831 prima
1633 767 1664 787 '’
1715 770 1887 831 Apoc:
1931 785 1996 821 xx
2019 787 2029 815 :
2071 785 2116 816 2.
2144 786 2188 832 3⁶
2214 788 2259 830 5.
2287 784 2312 832 7
2331 790 2348 825 ς

366 833 441 879 hic
468 851 545 895 per
570 834 695 882 mille
719 851 808 880 non
834 834 1138 895 significantur
1166 834 1308 890 mille,
1355 834 1428 881 sed
1453 834 1622 898 absque
1644 833 1740 882 ullo
1764 850 1958 882 numero
1983 833 2198 882 multum.
2256 836 2343 883 Pa·
2386 848 2394 853 ”

365 899 472 946 riter
494 901 612 963 apud
635 900 852 948 Moschen
877 908 910 930 ‘⁶
927 900 1134 960 Jehovah
1154 897 1315 946 faciens
1335 900 1684 947 misericordiam
1706 900 1816 948 mille
1829 899 2167 963 generationibus
2188 916 2365 960 aman·-

363 966 485 1012 tibus
506 966 693 1030 Ipsum’'
721 966 857 1014 Exod
877 983 890 1013 ε
909 981 1000 1013 xx:
1024 965 1069 1014 6.
1090 965 1216 1013 Deut
1238 983 1248 1012 :
1269 981 1325 1013 v:
1349 982 1394 1028 9.
1421 982 1495 1015 10.
1522 966 1650 1029 Cap:
1675 982 1776 1014 vn:
1803 982 1848 1028 9.
1867 969 2051 1029 Jerem:
2077 978 2250 1014 xxxix:
2279 969 2338 1015 81

371 1033 517 1095 Apud
544 1032 776 1080 Davidem
813 1041 845 1062 “
864 1033 1070 1079 Verbum
1095 1034 1312 1095 praecepit
1345 1035 1389 1080 in
1422 1033 1531 1081 mille
1553 1034 1844 1094 generationes
1862 1031 1892 1055 '’
1949 1033 2131 1081 Psalm:
2167 1048 2255 1079 cv:
2297 1037 2342 1081 8.

363 1099 513 1161 Apud
539 1098 755 1146 Eundem
792 1107 824 1128 ‘⁶
851 1097 1013 1146 Cadent
1034 1115 1061 1144 a
1081 1099 1218 1146 ,latere
1242 1110 1315 1146 tuo
1339 1098 1467 1154 mille,
1491 1099 1541 1146 &
1565 1102 1721 1159 myrias
1743 1115 1768 1146 a
1790 1098 1963 1155 dextra,
1997 1100 2055 1147 ad
2080 1111 2125 1145 te
2149 1115 2242 1147 non
2265 1114 2346 1162 ap-

367 1165 697 1229 propinquabit
715 1164 746 1183 '’
784 1165 930 1212 Psalm
957 1182 966 1210 :
992 1180 1067 1211 xer
1089 1181 1098 1209 ε
1134 1180 1176 1225 7.
1250 1165 1390 1228 Apud
1411 1164 1625 1211 Eundem
1663 1173 1695 1194 “
1713 1164 1879 1218 Currus
1896 1166 1987 1213 Dei
2003 1165 2110 1214 binae
2125 1164 2346 1222 miriades,

369 1231 527 1279 milleni
546 1232 838 1295 pacificorum
859 1229 891 1249 '³
947 1230 1094 1277 Psalm
1115 1246 1125 1276 :
1152 1246 1314 1277 vanr
1338 1247 1347 1275 :
1379 1232 1452 1278 18.
1526 1231 1669 1291 Apud
1694 1230 1909 1279 Eundem
1962 1238 1996 1262 “
2012 1233 2183 1294 Greges
2207 1231 2379 1279 nostri*

367 1298 542 1350 milleni,
576 1299 625 1345 δε
649 1296 776 1345 decies
810 1296 965 1344 milleni
990 1297 1033 1341 in
1067 1295 1225 1357 plateis
1249 1294 1406 1343 nostris
1423 1293 1453 1317 ”
1490 1294 1642 1342 Psalm
1664 1312 1674 1342 :
1698 1310 1871 1342 cxmv:
1903 1313 1977 1357 13.
2045 1297 2192 1359 Apud
2217 1296 2348 1344 Eun·
2383 1342 2391 1346 ,

369 1364 478 1410 dem
517 1372 548 1393 “
567 1364 696 1412 Mille
718 1365 821 1411 anni
846 1364 889 1409 in
913 1361 1055 1409 oculis
1074 1360 1162 1407 tuis
1187 1360 1298 1408 ficut
1320 1360 1415 1408 dies
1434 1359 1468 1384 ”
1501 1360 1651 1408 Psalm
1671 1378 1683 1409 ε
1706 1377 1762 1413 xc
1783 1377 1794 1406 :
1820 1377 1882 1422 4:
1919 1361 2122 1410 similiter
2146 1362 2187 1409 se
2210 1361 2349 1412 habet

369 1445 480 1477 cum
505 1444 684 1478 centum
709 1431 758 1477 &
782 1444 885 1476 cum
910 1427 1107 1481 decem3
1142 1442 1247 1475 nam
1275 1428 1454 1474 numeri
1478 1427 1676 1475 minores
1698 1426 1842 1475 simile
1865 1442 1974 1476 cum
1999 1426 2242 1492 majoribus
2267 1443 2349 1493 per

367 1496 566 1544 similem
602 1511 836 1543 numerum
874 1493 1182 1557 multiplicatis
1217 1494 1488 1554 significant,
1529 1510 1557 1540 n
1585 1510 1595 1540 :
1634 1508 1780 1556 5291.
1819 1510 1967 1557 5335.
2006 1497 2159 1555 5708.
2187 1507 2313 1558 7973
2336 1509 2367 1541 z,

366 1563 496 1625 quod
540 1575 724 1610 centurn
769 1562 818 1610 &
863 1560 1024 1608 decem
1070 1561 1210 1608 etiam
1253 1561 1350 1614 finty
1382 1560 1603 1618 multum,
1656 1559 1862 1608 videatur
1894 1575 1924 1607 n
1950 1576 1961 1607 ε
2010 1574 2155 1624 3107.
2191 1575 2341 1620 4400.

367 1646 404 1687 4
440 1645 584 1755 ἐγώ.
623 1692 691 1752 Et¹
716 1691 926 1757 judicent
949 1692 1174 1756 populum
1200 1691 1243 1740 in
1269 1691 1396 1740 omni
1423 1703 1650 1756 tempore,
1684 1690 1811 1755 quod
1844 1690 2070 1752 significet
2093 1689 2350 1754 dispositio-

370 1775 478 1808 nem
505 1761 559 1806 s1c
596 1760 639 1806 in
665 1772 960 1822 perpetuum,
995 1758 1168 1806 constat
1189 1774 1246 1806 ex
1278 1758 1605 1822 significatione
1620 1756 1841 1821 judicare,
1875 1757 2003 1822 quod
2042 1755 2369 1821 fitdispofitio,

372 1841 605 1883 verorum,
647 1825 704 1872 de
721 1840 809 1889 qua
825 1825 959 1889 supra
981 1842 1011 1873 n
1032 1843 1042 1872 ε
1071 1826 1196 1887 8685
1216 1846 1230 1880 ;
1266 1826 1316 1873 δε
1334 1840 1390 1873 ex
1410 1823 1735 1886 significatione
1752 1823 1799 1871 in
1815 1824 1943 1872 omni
1962 1834 2187 1887 tempore,
2222 1822 2351 1888 quod

372 1892 427 1939 fit
450 1891 495 1938 in
522 1903 811 1956 perpetuum.
2248 1949 2250 1951 ,

441 1962 586 2019 8717.
626 1957 689 2005 Et
712 1959 814 2015 erit,
851 1972 989 2005 omne
1028 1957 1221 2005 verbum
1261 1972 1481 2020 magnum
1516 1955 1739 2005 adducent
1777 1955 1835 2002 ad
1868 1965 1928 2011 te,
1964 1953 2088 2019 quod
2113 1953 2340 2017 significet

364 2024 494 2089 quod
521 2039 659 2072 omne
682 2039 706 2070 a
726 2024 846 2070 Vero
872 2023 1134 2072 immediate
1156 2039 1180 2070 a
1206 2023 1399 2079 Divino,
1434 2021 1603 2070 constat
1625 2037 1683 2070 ex
1706 2023 2101 2085 repraesentatione
2129 2020 2351 2079 Mose-bis,

371 2090 499 2154 quod
535 2091 584 2138 fit
607 2090 784 2138 Verum
822 2089 1084 2136 immediate
1117 2105 1142 2135 a
1175 2088 1368 2145 Divino,
1403 2087 1460 2135 de
1483 2102 1572 2152 qua
1596 2104 1655 2135 n:
1685 2102 1825 2149 7010.
1854 2087 1979 2149 7382
2004 2107 2018 2141 ς
2053 2085 2182 2150 quod
2205 2101 2350 2135 omne

369 2158 432 2205 -ab
457 2155 547 2212 illo,
583 2156 855 2216 significatur
878 2170 955 2218 per
989 2170 1128 2202 omne
1152 2154 1343 2202 verbum
1368 2169 1594 2215 magnum
1618 2153 1844 2200 adducent
1865 2153 1923 2200 ad
1946 2151 2077 2200 iilum
2098 2172 2114 2207 ;
2161 2162 2364 2216 apparet*

372 2238 434 2271 ex
457 2222 578 2270 sensu
603 2222 762 2279 literae,
799 2221 907 2268 ficut
930 2236 1067 2268 omne
1092 2221 1386 2268 adduceretur
1408 2221 1465 2268 ad
1491 2219 1722 2268 Divinum
1739 2219 1932 2276 Verum,
1980 2217 2051 2265 sed
2076 2216 2187 2281 quia
2210 2232 2349 2265 omne

370 2306 399 2337 a
435 2289 641 2336 Domino
662 2304 743 2351 per
766 2288 945 2334 Verum
970 2287 1027 2333 ab
1050 2287 1154 2349 Ipso
1178 2287 1424 2351 procedens
1446 2287 1588 2343 venit,
1634 2300 1737 2332 nam
1761 2299 1899 2331 omne
1922 2283 2033 2331 vitae
2055 2284 2119 2329 est
2140 2283 2198 2330 ab
2220 2283 2347 2346 Ipso,

376 2356 541 2408 idcirco
565 2356 611 2401 in
637 2352 760 2400 sensu
786 2352 962 2401 interno
978 2368 1070 2400 non
1090 2354 1361 2416 significatur
1375 2351 1431 2399 ad
1450 2352 1602 2408 illum,
1638 2351 1712 2398 sed
1735 2351 1791 2398 ab
1813 2351 1926 2405 illo3
1962 2349 2005 2397 se
2028 2348 2163 2397 habet
2187 2349 2273 2396 hoc
2296 2349 2351 2397 fi-

369 2433 455 2469 cut
479 2422 535 2467 de
559 2419 741 2467 Influxu
766 2435 826 2465 n:
853 2433 999 2482 3721.
1025 2436 1080 2480 51
1098 2436 1171 2482 19.
1198 2433 1343 2481 5259.
1380 2432 1524 2483 5779.
1550 2418 1699 2480 6322,
1732 2416 1959 2464 ostensum
1981 2413 2061 2470 est}
2095 2414 2221 2477 quod
2245 2414 2341 2472 ille,

375 2503 544 2549 nempe
575 2486 789 2540 influxu3‚
826 2499 917 2530 non
941 2485 1019 2533 fiat
1040 2484 1097 2530 ab
1117 2484 1412 2532 exterioribus
1445 2485 1501 2532 ad
1533 2485 1761 2539 interiora,
1798 2482 1873 2529 sed
1912 2482 1969 2530 ab
1992 2480 2274 2528 interioribus
2287 2481 2346 2527 ad

375 2554 597 2600 exteriora
618 2573 630 2606 ;
665 2551 792 2598 causa
815 2550 895 2607 est,
931 2551 1040 2614 quia
1057 2550 1275 2598 exteriora
1292 2550 1447 2597 omnia
1470 2549 1567 2597 sunt
1589 2549 1783 2597 formata
1798 2548 1856 2595 ad
1874 2547 2207 2595 inserviendum
2231 2548 2350 2594 inte-

374 2619 581 2673 rioribus,
618 2617 727 2664 ficut
749 2617 890 2664 causae
915 2617 1278 2664 instrumentales.
1297 2616 1380 2664 suis
1403 2617 1541 2664 causis
1565 2615 1899 2679 principalibus,
1936 2615 1986 2662 δε
2009 2612 2100 2660 illae
2123 2612 2222 2661 sunt
2243 2628 2352 2661 cau-

377 2686 439 2733 sae
463 2697 658 2732 mortuae
676 2681 838 2746 absque
861 2683 930 2729 his
950 2702 965 2736 ·‚
1004 2681 1254 2739 sciendum,
1291 2682 1417 2745 quod
1434 2682 1480 2728 in
1499 2681 1621 2729 sensu
1647 2682 1824 2728 interno
1846 2696 1913 2727 res
1936 2690 2222 2742 exponantur
2242 2694 2355 2742 qua-

341 2774 343 2777 ·
377 2752 439 2799 les
478 2750 570 2798 illae
610 2751 652 2795 in
691 2747 733 2795 se
770 2752 886 2803 sunt,
939 2764 1030 2795 non
1056 2749 1204 2811 quales
1228 2760 1443 2811 apparent
1468 2747 1511 2794 in
1532 2747 1654 2795 sensu
1675 2746 1851 2802 literae3
1889 2762 1955 2794 res
1980 2746 2025 2792 in
2048 2744 2089 2792 se
2108 2744 2188 2800 est,
2222 2743 2353 2807 quod

374 2817 610 2865 Dominus
635 2829 711 2877 per
729 2814 902 2873 Verum
926 2815 983 2861 ab
1001 2814 1105 2877 Ipso
1128 2813 1397 2876 procedente
1420 2825 1546 2876 regat
1568 2815 1722 2860 omnia
1741 2813 1882 2876 usque
1903 2812 1961 2859 ad
1985 2809 2349 2872 fingulariffima,

373 2899 468 2931 non
496 2882 605 2927 ficut
628 2896 707 2927 rex
731 2880 775 2926 in
801 2880 991 2937 mundo,
1028 2878 1099 2926 sed
1127 2878 1235 2927 ficut
1253 2880 1380 2928 Deus
1401 2878 1447 2928 in
1470 2879 1590 2926 coelo
1613 2880 1663 2927 δε
1686 2878 1930 2933 universo;
1989 2890 2068 2924 rex
2089 2875 2138 2922 in
2162 2875 2342 2923 mundo

379 2950 522 2995 solum
549 2945 843 2994 universalem
866 2961 1016 2992 curam
1043 2945 1192 3005 habet,
1242 2947 1293 2993 δε
1322 2944 1414 3009 ejus
1439 2945 1666 3008 principes
1687 2946 1738 2994 δε
1759 2943 1959 2992 officiarii
1991 2940 2308 3006 particularem
2326 2964 2344 2998 ς

373 3015 502 3060 aliter
522 3014 668 3069 Deus,
705 3028 810 3059 nam
829 3012 958 3059 Deus
983 3011 1111 3058 videt
1128 3012 1302 3069 omnia,
1340 3013 1389 3060 ὅτ
1409 3012 1540 3060 novit
1556 3011 1712 3058 omnia
1745 3011 1802 3058 ab
1833 3021 2025 3065 aetern0,
2061 3008 2111 3055 δε
2135 3006 2348 3069 providet

378 3079 534 3126 omnia
562 3080 604 3125 in
629 3090 869 3134 aeternum,
904 3078 953 3125 δι
988 3089 1110 3124 tenet
1133 3094 1191 3126 ex
1225 3078 1266 3125 se
1289 3078 1446 3126 omnia
1470 3077 1516 3124 in
1541 3077 1622 3125 suo
1644 3076 1840 3131 ordine;
1874 3074 1979 3122 inde
2003 3072 2195 3129 constat,
2231 3071 2360 3135 quod

371 3144 609 3194 Dominus
628 3161 719 3193 non
738 3144 877 3193 modo
900 3142 1193 3195 universalem
1218 3160 1372 3194 curam
1396 3144 1576 3203 habeat,
1610 3142 1687 3192 sed
1705 3144 1840 3213 etiam
1861 3139 2178 3207 particularem
2202 3139 2250 3187 &
2270 3139 2355 3186 sm-

2132 3204 2345 3268 gularem
2411 3240 2437 3253 0
