<?xml version="1.0" encoding="UTF-8"?>
<!DOCTYPE html PUBLIC "-//W3C//DTD XHTML 1.0 Transitional//EN"
    "http://www.w3.org/TR/xhtml1/DTD/xhtml1-transitional.dtd">
<html xmlns="http://www.w3.org/1999/xhtml" xml:lang="en" lang="en">
 <head>
  <title>
</title>
<meta http-equiv="Content-Type" content="text/html;charset=utf-8" />
  <meta name='ocr-system' content='tesseract 3.04.00' />
  <meta name='ocr-capabilities' content='ocr_page ocr_carea ocr_par ocr_line ocrx_word'/>
</head>
<body>
  <div class='ocr_page' id='page_1' title='image "arcanacaelestiaq07sweduoft_0486.png"; bbox 0 0 2722 3684; ppageno 0'>
   <div class='ocr_carea' id='block_1_1' title="bbox 425 182 1939 268">
    <p class='ocr_par' dir='ltr' id='par_1_1' title="bbox 425 182 1939 268">
     <span class='ocr_line' id='line_1_1' title="bbox 425 182 1939 268; baseline -0.001 -18"><span class='ocrx_word' id='word_1_1' title='bbox 425 189 561 268; x_wconf 90' lang='lat'>480</span> <span class='ocrx_word' id='word_1_2' title='bbox 819 182 904 257; x_wconf 17' lang='lat' dir='ltr'>,E</span> <span class='ocrx_word' id='word_1_3' title='bbox 1040 182 1124 256; x_wconf 61' lang='lat' dir='ltr'>,X</span> <span class='ocrx_word' id='word_1_4' title='bbox 1190 221 1200 246; x_wconf 65' lang='lat'><strong><em>1</em></strong></span> <span class='ocrx_word' id='word_1_5' title='bbox 1257 182 1355 255; x_wconf 43' lang='lat' dir='ltr'>O„</span> <span class='ocrx_word' id='word_1_6' title='bbox 1452 183 1528 256; x_wconf 84' lang='lat' dir='ltr'><em>D</em></span> <span class='ocrx_word' id='word_1_7' title='bbox 1669 182 1741 253; x_wconf 81' lang='lat' dir='ltr'><em>U</em></span> <span class='ocrx_word' id='word_1_8' title='bbox 1870 184 1939 250; x_wconf 55' lang='lat' dir='ltr'>Se</span> 
     </span>
    </p>
   </div>
   <div class='ocr_carea' id='block_1_2' title="bbox 363 297 2432 3194">
    <p class='ocr_par' dir='ltr' id='par_1_2' title="bbox 363 297 2432 1549">
     <span class='ocr_line' id='line_1_2' title="bbox 422 297 2432 363; baseline 0.003 -15"><span class='ocrx_word' id='word_1_9' title='bbox 422 297 929 362; x_wconf 84' lang='lat' dir='ltr'>conveniuntjucundis</span> <span class='ocrx_word' id='word_1_10' title='bbox 952 300 1132 350; x_wconf 89' lang='lat' dir='ltr'>illorum</span> <span class='ocrx_word' id='word_1_11' title='bbox 1169 315 1399 361; x_wconf 87' lang='lat' dir='ltr'>amorum,</span> <span class='ocrx_word' id='word_1_12' title='bbox 1431 300 1501 347; x_wconf 65' lang='grc' dir='ltr'>’δτ</span> <span class='ocrx_word' id='word_1_13' title='bbox 1522 301 1798 359; x_wconf 78' lang='lat' dir='ltr'>concordant</span> <span class='ocrx_word' id='word_1_14' title='bbox 1816 317 1931 361; x_wconf 81' lang='lat' dir='ltr'>cum.</span> <span class='ocrx_word' id='word_1_15' title='bbox 1950 302 2395 361; x_wconf 67' lang='lat' dir='ltr'>doEtrinalibus&#39;suoe-</span> <span class='ocrx_word' id='word_1_16' title='bbox 2429 360 2432 363; x_wconf 15' lang='grc' dir='ltr'><strong>Δ</strong></span> 
     </span>
     <span class='ocr_line' id='line_1_3' title="bbox 421 366 2414 438; baseline 0.003 -24"><span class='ocrx_word' id='word_1_17' title='bbox 421 366 652 423; x_wconf 75' lang='lat' dir='ltr'>Ecclesiae,</span> <span class='ocrx_word' id='word_1_18' title='bbox 686 383 793 430; x_wconf 87' lang='lat' dir='ltr'>quae</span> <span class='ocrx_word' id='word_1_19' title='bbox 816 379 966 423; x_wconf 87' lang='lat' dir='ltr'>amant</span> <span class='ocrx_word' id='word_1_20' title='bbox 986 389 1000 422; x_wconf 90' lang='lat'>;</span> <span class='ocrx_word' id='word_1_21' title='bbox 1037 367 1105 425; x_wconf 87' lang='lat' dir='ltr'>his</span> <span class='ocrx_word' id='word_1_22' title='bbox 1128 369 1225 427; x_wconf 85' lang='lat' dir='ltr'>sunt</span> <span class='ocrx_word' id='word_1_23' title='bbox 1249 381 1316 414; x_wconf 90' lang='lat' dir='ltr'>res</span> <span class='ocrx_word' id='word_1_24' title='bbox 1342 367 1576 414; x_wconf 81' lang='lat' dir='ltr'>memoriae</span> <span class='ocrx_word' id='word_1_25' title='bbox 1600 367 1710 423; x_wconf 86' lang='lat' dir='ltr'>ficut</span> <span class='ocrx_word' id='word_1_26' title='bbox 1734 370 1924 431; x_wconf 78' lang='lat' dir='ltr'>paradisi</span> <span class='ocrx_word' id='word_1_27' title='bbox 1945 370 2163 428; x_wconf 77' lang='lat' dir='ltr'>coelesteS‚</span> <span class='ocrx_word' id='word_1_28' title='bbox 2198 375 2247 427; x_wconf 79' lang='lat'>&amp;</span> <span class='ocrx_word' id='word_1_29' title='bbox 2269 368 2414 438; x_wconf 65' lang='lat' dir='ltr'>quo-v=⁴</span> 
     </span>
     <span class='ocr_line' id='line_1_4' title="bbox 421 431 2385 501; baseline 0.005 -22"><span class='ocrx_word' id='word_1_30' title='bbox 421 449 514 496; x_wconf 83' lang='lat' dir='ltr'>que</span> <span class='ocrx_word' id='word_1_31' title='bbox 537 433 909 495; x_wconf 68' lang='lat' dir='ltr'>repraesentantur</span> <span class='ocrx_word' id='word_1_32' title='bbox 930 433 1042 480; x_wconf 85' lang='lat' dir='ltr'>&amp;in</span> <span class='ocrx_word' id='word_1_33' title='bbox 1063 433 1219 493; x_wconf 84' lang='lat' dir='ltr'>Verbo</span> <span class='ocrx_word' id='word_1_34' title='bbox 1239 431 1543 493; x_wconf 78' lang='lat' dir='ltr'>significantur</span> <span class='ocrx_word' id='word_1_35' title='bbox 1568 448 1647 495; x_wconf 89' lang='lat' dir='ltr'>per</span> <span class='ocrx_word' id='word_1_36' title='bbox 1671 434 1908 496; x_wconf 86' lang='lat' dir='ltr'>paradisos,</span> <span class='ocrx_word' id='word_1_37' title='bbox 1933 437 2140 485; x_wconf 89' lang='lat' dir='ltr'>videatur</span> <span class='ocrx_word' id='word_1_38' title='bbox 2157 453 2209 486; x_wconf 89' lang='lat' dir='ltr'>n:</span> <span class='ocrx_word' id='word_1_39' title='bbox 2236 455 2385 501; x_wconf 69' lang='lat'><em>3220:</em></span> 
     </span>
     <span class='ocr_line' id='line_1_5' title="bbox 422 497 2384 562; baseline 0.003 -15"><span class='ocrx_word' id='word_1_40' title='bbox 422 499 630 547; x_wconf 84' lang='lat' dir='ltr'>Ulterius</span> <span class='ocrx_word' id='word_1_41' title='bbox 655 497 903 552; x_wconf 88' lang='lat' dir='ltr'>sciendum.</span> <span class='ocrx_word' id='word_1_42' title='bbox 938 500 1066 562; x_wconf 91' lang='lat' dir='ltr'>quod</span> <span class='ocrx_word' id='word_1_43' title='bbox 1091 498 1330 545; x_wconf 80' lang='lat' dir='ltr'>scientifica</span> <span class='ocrx_word' id='word_1_44' title='bbox 1354 497 1426 557; x_wconf 91' lang='lat' dir='ltr'>seu</span> <span class='ocrx_word' id='word_1_45' title='bbox 1449 513 1518 557; x_wconf 81' lang='lat' dir='ltr'>res</span> <span class='ocrx_word' id='word_1_46' title='bbox 1542 499 1798 556; x_wconf 84' lang='lat' dir='ltr'>memoriae,</span> <span class='ocrx_word' id='word_1_47' title='bbox 1833 515 1940 547; x_wconf 89' lang='lat' dir='ltr'>cum</span> <span class='ocrx_word' id='word_1_48' title='bbox 1968 502 2082 550; x_wconf 89' lang='lat' dir='ltr'>fiunt</span> <span class='ocrx_word' id='word_1_49' title='bbox 2106 503 2216 552; x_wconf 81' lang='lat' dir='ltr'>vitae</span> <span class='ocrx_word' id='word_1_50' title='bbox 2235 506 2384 555; x_wconf 89' lang='lat' dir='ltr'>homi-</span> 
     </span>
     <span class='ocr_line' id='line_1_6' title="bbox 422 563 2386 629; baseline 0.003 -17"><span class='ocrx_word' id='word_1_51' title='bbox 422 566 507 621; x_wconf 90' lang='lat' dir='ltr'>nis,</span> <span class='ocrx_word' id='word_1_52' title='bbox 533 580 589 612; x_wconf 86' lang='lat' dir='ltr'>ex</span> <span class='ocrx_word' id='word_1_53' title='bbox 610 566 827 613; x_wconf 88' lang='lat' dir='ltr'>memoria</span> <span class='ocrx_word' id='word_1_54' title='bbox 845 565 1062 611; x_wconf 85' lang='lat' dir='ltr'>exteriore</span> <span class='ocrx_word' id='word_1_55' title='bbox 1079 564 1358 624; x_wconf 74' lang='lat' dir='ltr'>evanescant,</span> <span class='ocrx_word' id='word_1_56' title='bbox 1393 563 1787 627; x_wconf 85' lang='lat' dir='ltr'>quemadmodum</span> <span class='ocrx_word' id='word_1_57' title='bbox 1809 564 1951 614; x_wconf 85' lang='lat' dir='ltr'><strong>solent</strong></span> <span class='ocrx_word' id='word_1_58' title='bbox 1967 568 2141 628; x_wconf 84' lang='lat' dir='ltr'>gestus,</span> <span class='ocrx_word' id='word_1_59' title='bbox 2168 569 2386 629; x_wconf 66' lang='lat' dir='ltr'>astiones,</span> 
     </span>
     <span class='ocr_line' id='line_1_7' title="bbox 420 628 2387 694; baseline 0.004 -16"><span class='ocrx_word' id='word_1_60' title='bbox 420 630 638 694; x_wconf 84' lang='lat' dir='ltr'>loquelae,</span> <span class='ocrx_word' id='word_1_61' title='bbox 663 630 955 686; x_wconf 75' lang='lat' dir='ltr'>reflexiones,</span> <span class='ocrx_word' id='word_1_62' title='bbox 992 628 1277 685; x_wconf 82' lang='lat' dir='ltr'>intentiones,</span> <span class='ocrx_word' id='word_1_63' title='bbox 1313 630 1358 676; x_wconf 90' lang='lat' dir='ltr'>in</span> <span class='ocrx_word' id='word_1_64' title='bbox 1383 629 1865 692; x_wconf 65' lang='lat' dir='ltr'>genere÷cogitationes</span> <span class='ocrx_word' id='word_1_65' title='bbox 1888 632 1937 679; x_wconf 78' lang='grc' dir='ltr'>ὅτ</span> <span class='ocrx_word' id='word_1_66' title='bbox 1955 633 2213 682; x_wconf 66' lang='lat' dir='ltr'>affectiones</span> <span class='ocrx_word' id='word_1_67' title='bbox 2237 636 2387 685; x_wconf 89' lang='lat' dir='ltr'>homi·</span> 
     </span>
     <span class='ocr_line' id='line_1_8' title="bbox 422 690 2385 761; baseline 0.004 -18"><span class='ocrx_word' id='word_1_68' title='bbox 422 696 523 753; x_wconf 82' lang='lat' dir='ltr'>niS,</span> <span class='ocrx_word' id='word_1_69' title='bbox 545 696 727 761; x_wconf 89' lang='lat' dir='ltr'>quando</span> <span class='ocrx_word' id='word_1_70' title='bbox 752 711 830 759; x_wconf 84' lang='lat' dir='ltr'>per</span> <span class='ocrx_word' id='word_1_71' title='bbox 852 696 1121 757; x_wconf 80' lang='lat' dir='ltr'>continuum</span> <span class='ocrx_word' id='word_1_72' title='bbox 1155 697 1283 757; x_wconf 86' lang='lat' dir='ltr'>usum</span> <span class='ocrx_word' id='word_1_73' title='bbox 1310 694 1384 743; x_wconf 88' lang='lat' dir='ltr'>seu</span> <span class='ocrx_word' id='word_1_74' title='bbox 1415 690 1625 754; x_wconf 85' lang='lat' dir='ltr'>habitum</span> <span class='ocrx_word' id='word_1_75' title='bbox 1652 696 1768 743; x_wconf 87' lang='lat' dir='ltr'>fiunt</span> <span class='ocrx_word' id='word_1_76' title='bbox 1789 697 1898 744; x_wconf 85' lang='lat' dir='ltr'>ficut</span> <span class='ocrx_word' id='word_1_77' title='bbox 1919 697 2160 760; x_wconf 87' lang='lat' dir='ltr'>spontanea</span> <span class='ocrx_word' id='word_1_78' title='bbox 2182 702 2232 749; x_wconf 80' lang='grc' dir='ltr'>ὅτ</span> <span class='ocrx_word' id='word_1_79' title='bbox 2256 716 2385 751; x_wconf 87' lang='lat' dir='ltr'>natu-</span> 
     </span>
     <span class='ocr_line' id='line_1_9' title="bbox 423 761 2384 826; baseline 0.004 -17"><span class='ocrx_word' id='word_1_80' title='bbox 423 762 548 818; x_wconf 82' lang='lat' dir='ltr'>ralia,</span> <span class='ocrx_word' id='word_1_81' title='bbox 585 761 654 809; x_wconf 90' lang='lat' dir='ltr'>sed</span> <span class='ocrx_word' id='word_1_82' title='bbox 674 763 868 825; x_wconf 80' lang='lat' dir='ltr'>norralia</span> <span class='ocrx_word' id='word_1_83' title='bbox 891 762 1010 809; x_wconf 86' lang='lat' dir='ltr'>fiunt</span> <span class='ocrx_word' id='word_1_84' title='bbox 1033 762 1140 822; x_wconf 79' lang='lat' dir='ltr'>vitae</span> <span class='ocrx_word' id='word_1_85' title='bbox 1163 761 1378 823; x_wconf 70' lang='lat' dir='ltr'>hominis,</span> <span class='ocrx_word' id='word_1_86' title='bbox 1416 777 1687 826; x_wconf 78' lang='lat' dir='ltr'>quamquae</span> <span class='ocrx_word' id='word_1_87' title='bbox 1704 763 1867 810; x_wconf 85' lang='lat' dir='ltr'>intrant</span> <span class='ocrx_word' id='word_1_88' title='bbox 1891 761 1935 810; x_wconf 89' lang='lat' dir='ltr'>in</span> <span class='ocrx_word' id='word_1_89' title='bbox 1952 762 2153 826; x_wconf 87' lang='lat' dir='ltr'>jucunda</span> <span class='ocrx_word' id='word_1_90' title='bbox 2175 782 2384 820; x_wconf 87' lang='lat' dir='ltr'>amorum</span> 
     </span>
     <span class='ocr_line' id='line_1_10' title="bbox 425 825 2390 897; baseline 0.004 -22"><span class='ocrx_word' id='word_1_91' title='bbox 425 825 534 890; x_wconf 71' lang='lat' dir='ltr'>ejus,</span> <span class='ocrx_word' id='word_1_92' title='bbox 552 827 608 892; x_wconf 51' lang='lat' dir='ltr'>¹¹{St</span> <span class='ocrx_word' id='word_1_93' title='bbox 628 825 827 875; x_wconf 76' lang='lat' dir='ltr'>formant</span> <span class='ocrx_word' id='word_1_94' title='bbox 850 827 938 883; x_wconf 90' lang='lat' dir='ltr'>illa,</span> <span class='ocrx_word' id='word_1_95' title='bbox 964 828 1024 874; x_wconf 91' lang='lat' dir='ltr'>ita</span> <span class='ocrx_word' id='word_1_96' title='bbox 1042 842 1148 892; x_wconf 82' lang='lat' dir='ltr'>quae</span> <span class='ocrx_word' id='word_1_97' title='bbox 1167 828 1331 874; x_wconf 90' lang='lat' dir='ltr'>intrant</span> <span class='ocrx_word' id='word_1_98' title='bbox 1349 827 1394 875; x_wconf 87' lang='lat' dir='ltr'>in</span> <span class='ocrx_word' id='word_1_99' title='bbox 1413 826 1692 887; x_wconf 75' lang='lat' dir='ltr'>voluntatem</span> <span class='ocrx_word' id='word_1_100' title='bbox 1718 825 1811 891; x_wconf 88' lang='lat' dir='ltr'>ejus</span> <span class='ocrx_word' id='word_1_101' title='bbox 1830 849 1844 883; x_wconf 88' lang='lat'>;</span> <span class='ocrx_word' id='word_1_102' title='bbox 1868 828 1923 876; x_wconf 86' lang='lat' dir='ltr'>de</span> <span class='ocrx_word' id='word_1_103' title='bbox 1941 829 2009 877; x_wconf 90' lang='lat' dir='ltr'>his</span> <span class='ocrx_word' id='word_1_104' title='bbox 2027 832 2262 881; x_wconf 73' lang='lat' dir='ltr'>videantur</span> <span class='ocrx_word' id='word_1_105' title='bbox 2278 850 2390 897; x_wconf 84' lang='lat' dir='ltr'>quae</span> 
     </span>
     <span class='ocr_line' id='line_1_11' title="bbox 423 892 2386 961; baseline 0.003 -20"><span class='ocrx_word' id='word_1_106' title='bbox 423 908 484 941; x_wconf 89' lang='lat' dir='ltr'>n:</span> <span class='ocrx_word' id='word_1_107' title='bbox 513 894 635 954; x_wconf 82' lang='lat'><em>8853</em></span> <span class='ocrx_word' id='word_1_108' title='bbox 662 893 718 939; x_wconf 92' lang='lat' dir='ltr'>ad</span> <span class='ocrx_word' id='word_1_109' title='bbox 746 896 891 955; x_wconf 87' lang='lat'><em>8858,</em></span> <span class='ocrx_word' id='word_1_110' title='bbox 926 892 1046 940; x_wconf 67' lang='lat' dir='ltr'>dic‘ka</span> <span class='ocrx_word' id='word_1_111' title='bbox 1068 895 1119 942; x_wconf 78' lang='grc' dir='ltr'>ὅτ</span> <span class='ocrx_word' id='word_1_112' title='bbox 1141 892 1310 941; x_wconf 87' lang='lat' dir='ltr'>ostensa</span> <span class='ocrx_word' id='word_1_113' title='bbox 1334 893 1469 948; x_wconf 87' lang='lat' dir='ltr'>sunt;</span> <span class='ocrx_word' id='word_1_114' title='bbox 1514 893 1564 941; x_wconf 77' lang='grc' dir='ltr'>ὅτ</span> <span class='ocrx_word' id='word_1_115' title='bbox 1586 893 1644 940; x_wconf 90' lang='lat' dir='ltr'>de</span> <span class='ocrx_word' id='word_1_116' title='bbox 1669 894 1887 942; x_wconf 89' lang='lat' dir='ltr'>memoria</span> <span class='ocrx_word' id='word_1_117' title='bbox 1924 896 2144 944; x_wconf 75' lang='lat' dir='ltr'>exteriore</span> <span class='ocrx_word' id='word_1_118' title='bbox 2179 913 2288 961; x_wconf 87' lang='lat' dir='ltr'>quae</span> <span class='ocrx_word' id='word_1_119' title='bbox 2321 898 2386 947; x_wconf 89' lang='lat' dir='ltr'>est</span> 
     </span>
     <span class='ocr_line' id='line_1_12' title="bbox 422 955 2397 1028; baseline 0 -22"><span class='ocrx_word' id='word_1_120' title='bbox 422 956 637 1022; x_wconf 79' lang='lat' dir='ltr'>corporiS,</span> <span class='ocrx_word' id='word_1_121' title='bbox 674 960 723 1006; x_wconf 78' lang='grc' dir='ltr'>ὅτ</span> <span class='ocrx_word' id='word_1_122' title='bbox 745 959 802 1006; x_wconf 90' lang='lat' dir='ltr'>de</span> <span class='ocrx_word' id='word_1_123' title='bbox 836 959 1051 1006; x_wconf 86' lang='lat' dir='ltr'>memoria</span> <span class='ocrx_word' id='word_1_124' title='bbox 1089 959 1295 1020; x_wconf 82' lang='lat' dir='ltr'>interiore</span> <span class='ocrx_word' id='word_1_125' title='bbox 1326 975 1433 1022; x_wconf 85' lang='lat' dir='ltr'>quae</span> <span class='ocrx_word' id='word_1_126' title='bbox 1455 958 1519 1006; x_wconf 90' lang='lat' dir='ltr'>est</span> <span class='ocrx_word' id='word_1_127' title='bbox 1542 957 1633 1018; x_wconf 85' lang='lat' dir='ltr'>ejus</span> <span class='ocrx_word' id='word_1_128' title='bbox 1667 955 1864 1021; x_wconf 80' lang='lat' dir='ltr'>spiritus,</span> <span class='ocrx_word' id='word_1_129' title='bbox 1916 977 1977 1007; x_wconf 92' lang='lat' dir='ltr'>n:</span> <span class='ocrx_word' id='word_1_130' title='bbox 2005 963 2131 1025; x_wconf 88' lang='lat'><strong>2469</strong></span> <span class='ocrx_word' id='word_1_131' title='bbox 2156 965 2213 1010; x_wconf 90' lang='lat' dir='ltr'>ad</span> <span class='ocrx_word' id='word_1_132' title='bbox 2240 980 2397 1028; x_wconf 83' lang='lat'><strong>2494·-</strong></span> 
     </span>
     <span class='ocr_line' id='line_1_13' title="bbox 424 1020 2386 1089; baseline 0.004 -18"><span class='ocrx_word' id='word_1_133' title='bbox 424 1024 573 1088; x_wconf 67' lang='lat' dir='ltr'>Q&#39;od‘</span> <span class='ocrx_word' id='word_1_134' title='bbox 593 1020 827 1073; x_wconf 77' lang='lat' dir='ltr'>scientifica</span> <span class='ocrx_word' id='word_1_135' title='bbox 854 1024 936 1073; x_wconf 81' lang='lat' dir='ltr'>sint</span> <span class='ocrx_word' id='word_1_136' title='bbox 959 1025 1075 1081; x_wconf 86' lang='lat' dir='ltr'>vasa,</span> <span class='ocrx_word' id='word_1_137' title='bbox 1115 1025 1165 1072; x_wconf 78' lang='grc' dir='ltr'>ὅτ</span> <span class='ocrx_word' id='word_1_138' title='bbox 1191 1025 1234 1071; x_wconf 93' lang='lat' dir='ltr'>in</span> <span class='ocrx_word' id='word_1_139' title='bbox 1262 1026 1417 1071; x_wconf 90' lang='lat' dir='ltr'>Verbo</span> <span class='ocrx_word' id='word_1_140' title='bbox 1441 1025 1746 1087; x_wconf 68' lang='lat' dir='ltr'>significentur·</span> <span class='ocrx_word' id='word_1_141' title='bbox 1766 1041 1844 1087; x_wconf 89' lang='lat' dir='ltr'>per</span> <span class='ocrx_word' id='word_1_142' title='bbox 1867 1026 2018 1073; x_wconf 90' lang='lat' dir='ltr'>omnis</span> <span class='ocrx_word' id='word_1_143' title='bbox 2051 1029 2227 1089; x_wconf 90' lang='lat' dir='ltr'>generis</span> <span class='ocrx_word' id='word_1_144' title='bbox 2264 1031 2386 1089; x_wconf 86' lang='lat' dir='ltr'>vasa,</span> 
     </span>
     <span class='ocr_line' id='line_1_14' title="bbox 422 1090 2400 1157; baseline 0.003 -19"><span class='ocrx_word' id='word_1_145' title='bbox 422 1103 476 1138; x_wconf 92' lang='lat' dir='ltr'>ut</span> <span class='ocrx_word' id='word_1_146' title='bbox 498 1105 578 1154; x_wconf 89' lang='lat' dir='ltr'>per</span> <span class='ocrx_word' id='word_1_147' title='bbox 599 1103 801 1146; x_wconf 84' lang='lat' dir='ltr'>crateres,</span> <span class='ocrx_word' id='word_1_148' title='bbox 836 1091 1073 1154; x_wconf 89' lang='lat' dir='ltr'>schyphos,</span> <span class='ocrx_word' id='word_1_149' title='bbox 1111 1090 1309 1153; x_wconf 85' lang='lat' dir='ltr'>hydrias,</span> <span class='ocrx_word' id='word_1_150' title='bbox 1349 1091 1397 1138; x_wconf 87' lang='lat'>&amp;</span> <span class='ocrx_word' id='word_1_151' title='bbox 1415 1090 1590 1150; x_wconf 72' lang='lat' dir='ltr'>similia,</span> <span class='ocrx_word' id='word_1_152' title='bbox 1626 1090 1688 1136; x_wconf 89' lang='lat' dir='ltr'>est</span> <span class='ocrx_word' id='word_1_153' title='bbox 1711 1093 1820 1157; x_wconf 89' lang='lat' dir='ltr'>quia</span> <span class='ocrx_word' id='word_1_154' title='bbox 1844 1094 2187 1156; x_wconf 85' lang='lat' dir='ltr'>unumquodvis</span> <span class='ocrx_word' id='word_1_155' title='bbox 2212 1094 2400 1153; x_wconf 52' lang='lat' dir='ltr'>scienti?</span> 
     </span>
     <span class='ocr_line' id='line_1_15' title="bbox 423 1155 2390 1224; baseline 0.003 -20"><span class='ocrx_word' id='word_1_156' title='bbox 423 1157 564 1218; x_wconf 84' lang='lat' dir='ltr'>ficum</span> <span class='ocrx_word' id='word_1_157' title='bbox 587 1155 647 1204; x_wconf 88' lang='lat' dir='ltr'>est</span> <span class='ocrx_word' id='word_1_158' title='bbox 671 1156 909 1221; x_wconf 88' lang='lat' dir='ltr'>quoddam</span> <span class='ocrx_word' id='word_1_159' title='bbox 932 1170 1195 1212; x_wconf 89' lang='lat' dir='ltr'>commune,</span> <span class='ocrx_word' id='word_1_160' title='bbox 1247 1156 1371 1220; x_wconf 91' lang='lat' dir='ltr'>quod</span> <span class='ocrx_word' id='word_1_161' title='bbox 1398 1157 1443 1203; x_wconf 91' lang='lat' dir='ltr'>in</span> <span class='ocrx_word' id='word_1_162' title='bbox 1469 1156 1510 1203; x_wconf 92' lang='lat' dir='ltr'>se</span> <span class='ocrx_word' id='word_1_163' title='bbox 1534 1157 1733 1204; x_wconf 90' lang='lat' dir='ltr'>continet</span> <span class='ocrx_word' id='word_1_164' title='bbox 1769 1157 2047 1220; x_wconf 87' lang='lat' dir='ltr'>particularia</span> <span class='ocrx_word' id='word_1_165' title='bbox 2070 1161 2119 1207; x_wconf 77' lang='grc' dir='ltr'>ὅτ</span> <span class='ocrx_word' id='word_1_166' title='bbox 2144 1161 2390 1224; x_wconf 83' lang='lat' dir='ltr'>singularia</span> 
     </span>
     <span class='ocr_line' id='line_1_16' title="bbox 422 1221 2386 1288; baseline 0.003 -19"><span class='ocrx_word' id='word_1_167' title='bbox 422 1221 742 1271; x_wconf 88' lang='lat' dir='ltr'>concordantia</span> <span class='ocrx_word' id='word_1_168' title='bbox 775 1237 883 1269; x_wconf 88' lang='lat' dir='ltr'>cum</span> <span class='ocrx_word' id='word_1_169' title='bbox 918 1223 1174 1278; x_wconf 88' lang='lat' dir='ltr'>communi,</span> <span class='ocrx_word' id='word_1_170' title='bbox 1209 1222 1388 1269; x_wconf 87' lang='lat' dir='ltr'>&amp;talia</span> <span class='ocrx_word' id='word_1_171' title='bbox 1424 1223 1689 1274; x_wconf 84' lang='lat' dir='ltr'>communia</span> <span class='ocrx_word' id='word_1_172' title='bbox 1726 1221 1771 1269; x_wconf 88' lang='lat' dir='ltr'>in</span> <span class='ocrx_word' id='word_1_173' title='bbox 1807 1223 1932 1270; x_wconf 88' lang='lat' dir='ltr'>series</span> <span class='ocrx_word' id='word_1_174' title='bbox 1955 1225 2145 1288; x_wconf 80' lang='lat' dir='ltr'>&amp;quasi</span> <span class='ocrx_word' id='word_1_175' title='bbox 2169 1227 2214 1274; x_wconf 89' lang='lat' dir='ltr'>in</span> <span class='ocrx_word' id='word_1_176' title='bbox 2239 1228 2386 1276; x_wconf 83' lang='lat' dir='ltr'>mani-</span> 
     </span>
     <span class='ocr_line' id='line_1_17' title="bbox 424 1286 2388 1352; baseline 0.003 -16"><span class='ocrx_word' id='word_1_177' title='bbox 424 1289 560 1352; x_wconf 85' lang='lat' dir='ltr'>pulos</span> <span class='ocrx_word' id='word_1_178' title='bbox 597 1287 806 1351; x_wconf 80' lang='lat' dir='ltr'>disposita</span> <span class='ocrx_word' id='word_1_179' title='bbox 847 1287 966 1342; x_wconf 88' lang='lat' dir='ltr'>sunt,</span> <span class='ocrx_word' id='word_1_180' title='bbox 1003 1304 1056 1335; x_wconf 86' lang='lat' dir='ltr'>ac</span> <span class='ocrx_word' id='word_1_181' title='bbox 1089 1287 1310 1348; x_wconf 86' lang='lat' dir='ltr'>manipuli</span> <span class='ocrx_word' id='word_1_182' title='bbox 1335 1288 1384 1335; x_wconf 76' lang='grc' dir='ltr'>ὅτ</span> <span class='ocrx_word' id='word_1_183' title='bbox 1408 1286 1531 1335; x_wconf 90' lang='lat' dir='ltr'>series</span> <span class='ocrx_word' id='word_1_184' title='bbox 1556 1287 1646 1334; x_wconf 88' lang='lat' dir='ltr'>illae</span> <span class='ocrx_word' id='word_1_185' title='bbox 1671 1287 1731 1334; x_wconf 91' lang='lat' dir='ltr'>ita</span> <span class='ocrx_word' id='word_1_186' title='bbox 1756 1288 1951 1336; x_wconf 88' lang='lat' dir='ltr'>invicem</span> <span class='ocrx_word' id='word_1_187' title='bbox 1977 1290 2213 1347; x_wconf 88' lang='lat' dir='ltr'>ordinatae,</span> <span class='ocrx_word' id='word_1_188' title='bbox 2248 1305 2297 1340; x_wconf 88' lang='lat' dir='ltr'>ut</span> <span class='ocrx_word' id='word_1_189' title='bbox 2322 1309 2388 1341; x_wconf 89' lang='lat' dir='ltr'>re-</span> 
     </span>
     <span class='ocr_line' id='line_1_18' title="bbox 427 1352 2384 1415; baseline 0.003 -14"><span class='ocrx_word' id='word_1_190' title='bbox 427 1354 571 1402; x_wconf 78' lang='lat' dir='ltr'>serant</span> <span class='ocrx_word' id='word_1_191' title='bbox 607 1353 804 1402; x_wconf 85' lang='lat' dir='ltr'>formam</span> <span class='ocrx_word' id='word_1_192' title='bbox 842 1352 1093 1410; x_wconf 85' lang='lat' dir='ltr'>coelestem,</span> <span class='ocrx_word' id='word_1_193' title='bbox 1142 1354 1191 1401; x_wconf 88' lang='lat'>&amp;</span> <span class='ocrx_word' id='word_1_194' title='bbox 1214 1353 1271 1400; x_wconf 87' lang='lat' dir='ltr'>fic</span> <span class='ocrx_word' id='word_1_195' title='bbox 1293 1353 1450 1400; x_wconf 87' lang='lat' dir='ltr'>ordine</span> <span class='ocrx_word' id='word_1_196' title='bbox 1474 1352 1519 1400; x_wconf 91' lang='lat' dir='ltr'>in</span> <span class='ocrx_word' id='word_1_197' title='bbox 1543 1352 1888 1415; x_wconf 80' lang='lat' dir='ltr'>fingulariffimis</span> <span class='ocrx_word' id='word_1_198' title='bbox 1910 1354 1967 1402; x_wconf 89' lang='lat' dir='ltr'>ad</span> <span class='ocrx_word' id='word_1_199' title='bbox 1991 1357 2384 1407; x_wconf 84' lang='lat' dir='ltr'>communiffima:</span> 
     </span>
     <span class='ocr_line' id='line_1_19' title="bbox 426 1417 2385 1483; baseline 0.002 -15"><span class='ocrx_word' id='word_1_200' title='bbox 426 1421 528 1468; x_wconf 88' lang='lat' dir='ltr'>idea</span> <span class='ocrx_word' id='word_1_201' title='bbox 552 1419 712 1466; x_wconf 88' lang='lat' dir='ltr'>talium</span> <span class='ocrx_word' id='word_1_202' title='bbox 747 1418 953 1467; x_wconf 91' lang='lat' dir='ltr'>serierum</span> <span class='ocrx_word' id='word_1_203' title='bbox 989 1418 1170 1481; x_wconf 81' lang='lat' dir='ltr'>formari</span> <span class='ocrx_word' id='word_1_204' title='bbox 1211 1417 1359 1483; x_wconf 82' lang='lat' dir='ltr'>potest</span> <span class='ocrx_word' id='word_1_205' title='bbox 1381 1434 1407 1465; x_wconf 88' lang='lat' dir='ltr'>a</span> <span class='ocrx_word' id='word_1_206' title='bbox 1430 1418 1620 1465; x_wconf 86' lang='lat' dir='ltr'>seriebus</span> <span class='ocrx_word' id='word_1_207' title='bbox 1643 1419 1694 1466; x_wconf 76' lang='grc' dir='ltr'>ὅτ</span> <span class='ocrx_word' id='word_1_208' title='bbox 1719 1420 1960 1483; x_wconf 89' lang='lat' dir='ltr'>manipulis</span> <span class='ocrx_word' id='word_1_209' title='bbox 1995 1421 2314 1470; x_wconf 87' lang='lat' dir='ltr'>muscularibus</span> <span class='ocrx_word' id='word_1_210' title='bbox 2337 1426 2385 1472; x_wconf 88' lang='lat' dir='ltr'>in</span> 
     </span>
     <span class='ocr_line' id='line_1_20' title="bbox 363 1484 2386 1549; baseline 0.002 -16"><span class='ocrx_word' id='word_1_211' title='bbox 363 1520 365 1522; x_wconf 92' lang='lat'>-</span> <span class='ocrx_word' id='word_1_212' title='bbox 423 1500 614 1548; x_wconf 85' lang='lat' dir='ltr'>corpore</span> <span class='ocrx_word' id='word_1_213' title='bbox 632 1485 860 1540; x_wconf 58' lang='lat' dir='ltr'>humanm,</span> <span class='ocrx_word' id='word_1_214' title='bbox 882 1484 1077 1549; x_wconf 87' lang='lat' dir='ltr'>quilibet</span> <span class='ocrx_word' id='word_1_215' title='bbox 1101 1484 1360 1547; x_wconf 90' lang='lat' dir='ltr'>manipulus</span> <span class='ocrx_word' id='word_1_216' title='bbox 1378 1484 1440 1531; x_wconf 89' lang='lat' dir='ltr'>ibi</span> <span class='ocrx_word' id='word_1_217' title='bbox 1458 1484 1652 1531; x_wconf 79' lang='lat' dir='ltr'>consistit</span> <span class='ocrx_word' id='word_1_218' title='bbox 1670 1500 1726 1532; x_wconf 88' lang='lat' dir='ltr'>ex</span> <span class='ocrx_word' id='word_1_219' title='bbox 1746 1486 1947 1547; x_wconf 88' lang='lat' dir='ltr'>pluribus</span> <span class='ocrx_word' id='word_1_220' title='bbox 1965 1485 2086 1545; x_wconf 87' lang='lat' dir='ltr'>fibris</span> <span class='ocrx_word' id='word_1_221' title='bbox 2105 1488 2386 1549; x_wconf 90' lang='lat' dir='ltr'>motricibus,</span> 
     </span>
    </p>

    <p class='ocr_par' dir='ltr' id='par_1_3' title="bbox 416 1550 2407 3194">
     <span class='ocr_line' id='line_1_21' title="bbox 427 1550 2389 1615; baseline 0.002 -15"><span class='ocrx_word' id='word_1_222' title='bbox 427 1552 477 1600; x_wconf 87' lang='lat'>&amp;</span> <span class='ocrx_word' id='word_1_223' title='bbox 501 1550 716 1614; x_wconf 85' lang='lat' dir='ltr'>quaelibet</span> <span class='ocrx_word' id='word_1_224' title='bbox 752 1551 864 1598; x_wconf 86' lang='lat' dir='ltr'>fibra</span> <span class='ocrx_word' id='word_1_225' title='bbox 899 1550 1065 1598; x_wconf 83' lang='lat' dir='ltr'>motrix</span> <span class='ocrx_word' id='word_1_226' title='bbox 1089 1567 1113 1598; x_wconf 95' lang='lat' dir='ltr'>a</span> <span class='ocrx_word' id='word_1_227' title='bbox 1138 1550 1246 1598; x_wconf 87' lang='lat' dir='ltr'>vafis</span> <span class='ocrx_word' id='word_1_228' title='bbox 1286 1550 1536 1612; x_wconf 82' lang='lat' dir='ltr'>sanguineis</span> <span class='ocrx_word' id='word_1_229' title='bbox 1558 1551 1607 1596; x_wconf 79' lang='grc' dir='ltr'>ὅτ</span> <span class='ocrx_word' id='word_1_230' title='bbox 1632 1550 1756 1609; x_wconf 80' lang='lat' dir='ltr'>fibris</span> <span class='ocrx_word' id='word_1_231' title='bbox 1781 1551 1953 1601; x_wconf 87' lang='lat' dir='ltr'>nerveis</span> <span class='ocrx_word' id='word_1_232' title='bbox 1974 1572 1988 1606; x_wconf 87' lang='lat'>;</span> <span class='ocrx_word' id='word_1_233' title='bbox 2025 1553 2216 1615; x_wconf 84' lang='lat' dir='ltr'>quilibet</span> <span class='ocrx_word' id='word_1_234' title='bbox 2245 1557 2389 1604; x_wconf 75' lang='lat' dir='ltr'>etiam</span> 
     </span>
     <span class='ocr_line' id='line_1_22' title="bbox 426 1616 2392 1681; baseline 0.001 -16"><span class='ocrx_word' id='word_1_235' title='bbox 426 1617 686 1680; x_wconf 86' lang='lat' dir='ltr'>manipulus</span> <span class='ocrx_word' id='word_1_236' title='bbox 704 1616 983 1674; x_wconf 64' lang='lat' dir='ltr'>muscularis,</span> <span class='ocrx_word' id='word_1_237' title='bbox 1033 1617 1112 1681; x_wconf 90' lang='lat' dir='ltr'>qui</span> <span class='ocrx_word' id='word_1_238' title='bbox 1135 1617 1375 1663; x_wconf 89' lang='lat' dir='ltr'>communi</span> <span class='ocrx_word' id='word_1_239' title='bbox 1399 1630 1511 1667; x_wconf 86' lang='lat' dir='ltr'>voce</span> <span class='ocrx_word' id='word_1_240' title='bbox 1536 1616 1759 1663; x_wconf 88' lang='lat' dir='ltr'>musculus</span> <span class='ocrx_word' id='word_1_241' title='bbox 1785 1629 1986 1674; x_wconf 89' lang='lat' dir='ltr'>vocatur,</span> <span class='ocrx_word' id='word_1_242' title='bbox 2033 1619 2105 1666; x_wconf 85' lang='lat' dir='ltr'>sua</span> <span class='ocrx_word' id='word_1_243' title='bbox 2129 1622 2279 1668; x_wconf 87' lang='lat' dir='ltr'>tunica</span> <span class='ocrx_word' id='word_1_244' title='bbox 2302 1621 2392 1669; x_wconf 64' lang='lat' dir='ltr'>cir-</span> 
     </span>
     <span class='ocr_line' id='line_1_23' title="bbox 427 1679 2386 1746; baseline 0.002 -15"><span class='ocrx_word' id='word_1_245' title='bbox 427 1681 678 1731; x_wconf 61' lang='lat' dir='ltr'>cum&#39;tedws</span> <span class='ocrx_word' id='word_1_246' title='bbox 712 1679 792 1737; x_wconf 81' lang='lat' dir='ltr'>est,</span> <span class='ocrx_word' id='word_1_247' title='bbox 829 1698 908 1746; x_wconf 86' lang='lat' dir='ltr'>per</span> <span class='ocrx_word' id='word_1_248' title='bbox 943 1698 1085 1746; x_wconf 88' lang='lat' dir='ltr'>quam</span> <span class='ocrx_word' id='word_1_249' title='bbox 1120 1682 1414 1744; x_wconf 86' lang='lat' dir='ltr'>distinguitur</span> <span class='ocrx_word' id='word_1_250' title='bbox 1436 1681 1492 1728; x_wconf 92' lang='lat' dir='ltr'>ab</span> <span class='ocrx_word' id='word_1_251' title='bbox 1515 1682 1628 1738; x_wconf 81' lang='lat' dir='ltr'>aliis,</span> <span class='ocrx_word' id='word_1_252' title='bbox 1666 1681 1870 1729; x_wconf 79' lang='lat' dir='ltr'>similiter</span> <span class='ocrx_word' id='word_1_253' title='bbox 1903 1682 2096 1732; x_wconf 86' lang='lat' dir='ltr'>fasciculi</span> <span class='ocrx_word' id='word_1_254' title='bbox 2132 1687 2386 1745; x_wconf 86' lang='lat' dir='ltr'>interiores,</span> 
     </span>
     <span class='ocr_line' id='line_1_24' title="bbox 428 1745 2390 1813; baseline 0.002 -17"><span class='ocrx_word' id='word_1_255' title='bbox 428 1749 512 1813; x_wconf 88' lang='lat' dir='ltr'>qui</span> <span class='ocrx_word' id='word_1_256' title='bbox 546 1745 674 1796; x_wconf 83' lang='lat' dir='ltr'>fibrae</span> <span class='ocrx_word' id='word_1_257' title='bbox 708 1750 916 1796; x_wconf 88' lang='lat' dir='ltr'>motrices</span> <span class='ocrx_word' id='word_1_258' title='bbox 940 1760 1152 1795; x_wconf 88' lang='lat' dir='ltr'>vocantur</span> <span class='ocrx_word' id='word_1_259' title='bbox 1173 1769 1187 1802; x_wconf 93' lang='lat'>;</span> <span class='ocrx_word' id='word_1_260' title='bbox 1225 1748 1298 1796; x_wconf 81' lang='lat' dir='ltr'>sed</span> <span class='ocrx_word' id='word_1_261' title='bbox 1323 1746 1460 1811; x_wconf 87' lang='lat' dir='ltr'>usque</span> <span class='ocrx_word' id='word_1_262' title='bbox 1483 1763 1642 1794; x_wconf 86' lang='lat' dir='ltr'>omnes</span> <span class='ocrx_word' id='word_1_263' title='bbox 1667 1746 1850 1795; x_wconf 86' lang='lat' dir='ltr'>musculi</span> <span class='ocrx_word' id='word_1_264' title='bbox 1875 1749 1925 1796; x_wconf 77' lang='grc' dir='ltr'>ὅτ</span> <span class='ocrx_word' id='word_1_265' title='bbox 1948 1749 1994 1796; x_wconf 91' lang='lat' dir='ltr'>in</span> <span class='ocrx_word' id='word_1_266' title='bbox 2019 1750 2106 1796; x_wconf 91' lang='lat' dir='ltr'>illis</span> <span class='ocrx_word' id='word_1_267' title='bbox 2128 1750 2256 1799; x_wconf 87' lang='lat' dir='ltr'>fibrae</span> <span class='ocrx_word' id='word_1_268' title='bbox 2291 1769 2390 1800; x_wconf 93' lang='lat' dir='ltr'>mo-</span> 
     </span>
     <span class='ocr_line' id='line_1_25' title="bbox 430 1812 2390 1880; baseline 0.002 -17"><span class='ocrx_word' id='word_1_269' title='bbox 430 1815 578 1871; x_wconf 83' lang='lat' dir='ltr'>triceS‚</span> <span class='ocrx_word' id='word_1_270' title='bbox 612 1829 720 1877; x_wconf 86' lang='lat' dir='ltr'>quae</span> <span class='ocrx_word' id='word_1_271' title='bbox 743 1813 788 1861; x_wconf 92' lang='lat' dir='ltr'>in</span> <span class='ocrx_word' id='word_1_272' title='bbox 813 1814 1023 1862; x_wconf 88' lang='lat' dir='ltr'>universo</span> <span class='ocrx_word' id='word_1_273' title='bbox 1044 1829 1233 1876; x_wconf 91' lang='lat' dir='ltr'>corpore</span> <span class='ocrx_word' id='word_1_274' title='bbox 1257 1815 1371 1869; x_wconf 89' lang='lat' dir='ltr'>sunt,</span> <span class='ocrx_word' id='word_1_275' title='bbox 1407 1816 1465 1860; x_wconf 90' lang='lat' dir='ltr'>ita</span> <span class='ocrx_word' id='word_1_276' title='bbox 1488 1813 1708 1861; x_wconf 83' lang='lat' dir='ltr'>ordinatae</span> <span class='ocrx_word' id='word_1_277' title='bbox 1726 1812 1842 1870; x_wconf 92' lang='lat' dir='ltr'>sunt,</span> <span class='ocrx_word' id='word_1_278' title='bbox 1880 1824 1929 1862; x_wconf 84' lang='lat' dir='ltr'>ut</span> <span class='ocrx_word' id='word_1_279' title='bbox 1948 1814 2005 1862; x_wconf 87' lang='lat' dir='ltr'>ad</span> <span class='ocrx_word' id='word_1_280' title='bbox 2030 1817 2390 1880; x_wconf 85' lang='lat' dir='ltr'>unumquamvis</span> 
     </span>
     <span class='ocr_line' id='line_1_26' title="bbox 429 1877 2390 1946; baseline 0.002 -18"><span class='ocrx_word' id='word_1_281' title='bbox 429 1880 656 1929; x_wconf 62' lang='lat' dir='ltr'>astionem</span> <span class='ocrx_word' id='word_1_282' title='bbox 682 1879 927 1928; x_wconf 89' lang='lat' dir='ltr'>secundum</span> <span class='ocrx_word' id='word_1_283' title='bbox 954 1879 1200 1927; x_wconf 89' lang='lat' dir='ltr'>voluntatis</span> <span class='ocrx_word' id='word_1_284' title='bbox 1232 1879 1430 1926; x_wconf 89' lang='lat' dir='ltr'>lubitum</span> <span class='ocrx_word' id='word_1_285' title='bbox 1466 1891 1744 1936; x_wconf 87' lang='lat' dir='ltr'>concurrant,</span> <span class='ocrx_word' id='word_1_286' title='bbox 1779 1880 1830 1928; x_wconf 79' lang='grc' dir='ltr'>ὅτ</span> <span class='ocrx_word' id='word_1_287' title='bbox 1853 1879 1940 1928; x_wconf 92' lang='lat' dir='ltr'>hoc</span> <span class='ocrx_word' id='word_1_288' title='bbox 1964 1877 2108 1941; x_wconf 85' lang='lat' dir='ltr'>modo</span> <span class='ocrx_word' id='word_1_289' title='bbox 2133 1883 2390 1946; x_wconf 89' lang='lat' dir='ltr'>incompre-</span> 
     </span>
     <span class='ocr_line' id='line_1_27' title="bbox 431 1941 2393 2009; baseline 0.002 -15"><span class='ocrx_word' id='word_1_290' title='bbox 431 1944 662 1994; x_wconf 82' lang='lat' dir='ltr'>hensibili:</span> <span class='ocrx_word' id='word_1_291' title='bbox 703 1946 906 1993; x_wconf 82' lang='lat' dir='ltr'>similiter</span> <span class='ocrx_word' id='word_1_292' title='bbox 929 1944 971 1993; x_wconf 89' lang='lat' dir='ltr'>se</span> <span class='ocrx_word' id='word_1_293' title='bbox 995 1944 1130 1994; x_wconf 85' lang='lat' dir='ltr'>habet</span> <span class='ocrx_word' id='word_1_294' title='bbox 1151 1960 1260 1993; x_wconf 91' lang='lat' dir='ltr'>cum</span> <span class='ocrx_word' id='word_1_295' title='bbox 1282 1943 1535 2005; x_wconf 84' lang='lat' dir='ltr'>scientificis</span> <span class='ocrx_word' id='word_1_296' title='bbox 1570 1946 1823 2003; x_wconf 87' lang='lat' dir='ltr'>memotiae,</span> <span class='ocrx_word' id='word_1_297' title='bbox 1872 1961 1977 2009; x_wconf 87' lang='lat' dir='ltr'>quae</span> <span class='ocrx_word' id='word_1_298' title='bbox 2012 1947 2149 1995; x_wconf 89' lang='lat' dir='ltr'>etiam</span> <span class='ocrx_word' id='word_1_299' title='bbox 2190 1941 2393 1998; x_wconf 82' lang='lat' dir='ltr'>fimil&#39;iter</span> 
     </span>
     <span class='ocr_line' id='line_1_28' title="bbox 431 2009 2392 2075; baseline 0.002 -16"><span class='ocrx_word' id='word_1_300' title='bbox 431 2012 683 2060; x_wconf 84' lang='lat' dir='ltr'>excitantur</span> <span class='ocrx_word' id='word_1_301' title='bbox 705 2027 731 2058; x_wconf 88' lang='lat' dir='ltr'>a</span> <span class='ocrx_word' id='word_1_302' title='bbox 745 2009 951 2073; x_wconf 90' lang='lat' dir='ltr'>jucundo</span> <span class='ocrx_word' id='word_1_303' title='bbox 986 2013 1151 2060; x_wconf 89' lang='lat' dir='ltr'>amoris</span> <span class='ocrx_word' id='word_1_304' title='bbox 1189 2010 1405 2067; x_wconf 89' lang='lat' dir='ltr'>hominis,</span> <span class='ocrx_word' id='word_1_305' title='bbox 1439 2009 1564 2075; x_wconf 90' lang='lat' dir='ltr'>quod</span> <span class='ocrx_word' id='word_1_306' title='bbox 1604 2010 1667 2057; x_wconf 90' lang='lat' dir='ltr'>est</span> <span class='ocrx_word' id='word_1_307' title='bbox 1703 2009 1798 2073; x_wconf 77' lang='lat' dir='ltr'>ej‘us</span> <span class='ocrx_word' id='word_1_308' title='bbox 1835 2013 2099 2069; x_wconf 76' lang='lat' dir='ltr'>voluntatis,</span> <span class='ocrx_word' id='word_1_309' title='bbox 2127 2013 2201 2061; x_wconf 90' lang='lat' dir='ltr'>sed</span> <span class='ocrx_word' id='word_1_310' title='bbox 2240 2015 2392 2063; x_wconf 87' lang='lat' dir='ltr'>media</span> 
     </span>
     <span class='ocr_line' id='line_1_29' title="bbox 416 2075 2391 2142; baseline 0.003 -19"><span class='ocrx_word' id='word_1_311' title='bbox 416 2090 558 2142; x_wconf 70' lang='lat' dir='ltr'>,parte</span> <span class='ocrx_word' id='word_1_312' title='bbox 581 2075 870 2126; x_wconf 62' lang='lat' dir='ltr'>intellectuali</span> <span class='ocrx_word' id='word_1_313' title='bbox 893 2099 908 2132; x_wconf 65' lang='grc' dir='ltr'>ς</span> <span class='ocrx_word' id='word_1_314' title='bbox 957 2077 1003 2124; x_wconf 93' lang='lat' dir='ltr'>id</span> <span class='ocrx_word' id='word_1_315' title='bbox 1027 2076 1155 2142; x_wconf 84' lang='lat' dir='ltr'>q&#39;uod</span> <span class='ocrx_word' id='word_1_316' title='bbox 1177 2075 1348 2125; x_wconf 73' lang='lat' dir='ltr'>faCtum</span> <span class='ocrx_word' id='word_1_317' title='bbox 1371 2075 1464 2125; x_wconf 91' lang='lat' dir='ltr'>vita</span> <span class='ocrx_word' id='word_1_318' title='bbox 1489 2076 1706 2134; x_wconf 88' lang='lat' dir='ltr'>hominis,</span> <span class='ocrx_word' id='word_1_319' title='bbox 1757 2076 1882 2141; x_wconf 91' lang='lat' dir='ltr'>quod</span> <span class='ocrx_word' id='word_1_320' title='bbox 1907 2077 1970 2124; x_wconf 89' lang='lat' dir='ltr'>est</span> <span class='ocrx_word' id='word_1_321' title='bbox 1994 2078 2038 2125; x_wconf 91' lang='lat' dir='ltr'>id</span> <span class='ocrx_word' id='word_1_322' title='bbox 2061 2079 2184 2142; x_wconf 90' lang='lat' dir='ltr'>quod</span> <span class='ocrx_word' id='word_1_323' title='bbox 2215 2079 2391 2130; x_wconf 66' lang='lat' dir='ltr'>fastum</span> 
     </span>
     <span class='ocr_line' id='line_1_30' title="bbox 433 2141 2404 2207; baseline 0.002 -16"><span class='ocrx_word' id='word_1_324' title='bbox 433 2143 500 2191; x_wconf 90' lang='lat' dir='ltr'>est</span> <span class='ocrx_word' id='word_1_325' title='bbox 523 2142 770 2191; x_wconf 87' lang='lat' dir='ltr'>voluntatis</span> <span class='ocrx_word' id='word_1_326' title='bbox 793 2144 867 2191; x_wconf 88' lang='lat' dir='ltr'>seu</span> <span class='ocrx_word' id='word_1_327' title='bbox 890 2143 1058 2191; x_wconf 90' lang='lat' dir='ltr'>amoris</span> <span class='ocrx_word' id='word_1_328' title='bbox 1073 2141 1184 2207; x_wconf 80' lang='lat' dir='ltr'>ejus,</span> <span class='ocrx_word' id='word_1_329' title='bbox 1217 2143 1381 2189; x_wconf 84' lang='lat' dir='ltr'>excitat</span> <span class='ocrx_word' id='word_1_330' title='bbox 1403 2142 1480 2190; x_wconf 84' lang='lat' dir='ltr'>illa</span> <span class='ocrx_word' id='word_1_331' title='bbox 1501 2161 1517 2196; x_wconf 68' lang='grc' dir='ltr'>ς</span> <span class='ocrx_word' id='word_1_332' title='bbox 1554 2142 1738 2190; x_wconf 87' lang='lat' dir='ltr'>interior</span> <span class='ocrx_word' id='word_1_333' title='bbox 1759 2143 1882 2190; x_wconf 89' lang='lat' dir='ltr'>enim</span> <span class='ocrx_word' id='word_1_334' title='bbox 1904 2142 2050 2204; x_wconf 79' lang='lat' dir='ltr'>homo</span> <span class='ocrx_word' id='word_1_335' title='bbox 2074 2145 2219 2192; x_wconf 88' lang='lat' dir='ltr'>visum</span> <span class='ocrx_word' id='word_1_336' title='bbox 2242 2146 2286 2192; x_wconf 92' lang='lat' dir='ltr'>in</span> <span class='ocrx_word' id='word_1_337' title='bbox 2306 2147 2404 2194; x_wconf 79' lang='lat' dir='ltr'>illis&#39;</span> 
     </span>
     <span class='ocr_line' id='line_1_31' title="bbox 434 2207 2401 2275; baseline 0.002 -17"><span class='ocrx_word' id='word_1_338' title='bbox 434 2207 650 2261; x_wconf 86' lang='lat' dir='ltr'>continue</span> <span class='ocrx_word' id='word_1_339' title='bbox 672 2208 823 2268; x_wconf 85' lang='lat' dir='ltr'>habet,</span> <span class='ocrx_word' id='word_1_340' title='bbox 858 2209 908 2257; x_wconf 84' lang='lat'>&amp;</span> <span class='ocrx_word' id='word_1_341' title='bbox 929 2208 1176 2256; x_wconf 67' lang='lat' dir='ltr'>delectatur</span> <span class='ocrx_word' id='word_1_342' title='bbox 1208 2207 1313 2264; x_wconf 83' lang='lat' dir='ltr'>inis,</span> <span class='ocrx_word' id='word_1_343' title='bbox 1345 2219 1566 2272; x_wconf 89' lang='lat' dir='ltr'>quantum</span> <span class='ocrx_word' id='word_1_344' title='bbox 1603 2208 1883 2256; x_wconf 91' lang='lat' dir='ltr'>conveniunt</span> <span class='ocrx_word' id='word_1_345' title='bbox 1918 2210 2176 2265; x_wconf 87' lang='lat' dir='ltr'>amoribus;</span> <span class='ocrx_word' id='word_1_346' title='bbox 2213 2212 2264 2258; x_wconf 89' lang='lat'>&amp;</span> <span class='ocrx_word' id='word_1_347' title='bbox 2285 2227 2401 2275; x_wconf 85' lang='lat' dir='ltr'>quae·</span> 
     </span>
     <span class='ocr_line' id='line_1_32' title="bbox 436 2270 2396 2338; baseline 0.001 -14"><span class='ocrx_word' id='word_1_348' title='bbox 436 2272 607 2325; x_wconf 80' lang='lat' dir='ltr'>intrant</span> <span class='ocrx_word' id='word_1_349' title='bbox 630 2270 765 2337; x_wconf 78' lang='lat' dir='ltr'>plane</span> <span class='ocrx_word' id='word_1_350' title='bbox 785 2274 831 2323; x_wconf 89' lang='lat' dir='ltr'>in</span> <span class='ocrx_word' id='word_1_351' title='bbox 854 2289 1046 2332; x_wconf 77' lang='lat' dir='ltr'>amoreS,</span> <span class='ocrx_word' id='word_1_352' title='bbox 1078 2274 1130 2322; x_wconf 86' lang='lat'>&amp;</span> <span class='ocrx_word' id='word_1_353' title='bbox 1148 2274 1267 2321; x_wconf 90' lang='lat' dir='ltr'>fiunt</span> <span class='ocrx_word' id='word_1_354' title='bbox 1284 2272 1529 2336; x_wconf 89' lang='lat' dir='ltr'>spontanea</span> <span class='ocrx_word' id='word_1_355' title='bbox 1552 2274 1602 2321; x_wconf 89' lang='lat'>&amp;</span> <span class='ocrx_word' id='word_1_356' title='bbox 1624 2274 1746 2338; x_wconf 72' lang='lat' dir='ltr'>quasi</span> <span class='ocrx_word' id='word_1_357' title='bbox 1771 2275 2002 2333; x_wconf 89' lang='lat' dir='ltr'>naturalia,</span> <span class='ocrx_word' id='word_1_358' title='bbox 2038 2276 2112 2324; x_wconf 88' lang='lat' dir='ltr'>illa</span> <span class='ocrx_word' id='word_1_359' title='bbox 2127 2278 2396 2325; x_wconf 87' lang='lat' dir='ltr'>e-memoria</span> 
     </span>
     <span class='ocr_line' id='line_1_33' title="bbox 435 2338 2398 2405; baseline 0 -13"><span class='ocrx_word' id='word_1_360' title='bbox 435 2354 617 2392; x_wconf 82' lang='lat' dir='ltr'>externa</span> <span class='ocrx_word' id='word_1_361' title='bbox 637 2339 923 2397; x_wconf 86' lang='lat' dir='ltr'>evanescunt,</span> <span class='ocrx_word' id='word_1_362' title='bbox 958 2339 1035 2388; x_wconf 89' lang='lat' dir='ltr'>sed</span> <span class='ocrx_word' id='word_1_363' title='bbox 1072 2351 1253 2388; x_wconf 89' lang='lat' dir='ltr'>manent</span> <span class='ocrx_word' id='word_1_364' title='bbox 1291 2338 1499 2403; x_wconf 88' lang='lat' dir='ltr'>inscripta</span> <span class='ocrx_word' id='word_1_365' title='bbox 1530 2340 1766 2388; x_wconf 89' lang='lat' dir='ltr'>memoriae</span> <span class='ocrx_word' id='word_1_366' title='bbox 1788 2342 1992 2398; x_wconf 85' lang='lat' dir='ltr'>internae,</span> <span class='ocrx_word' id='word_1_367' title='bbox 2026 2342 2155 2389; x_wconf 82' lang='lat' dir='ltr'>unde</span> <span class='ocrx_word' id='word_1_368' title='bbox 2171 2342 2398 2405; x_wconf 89' lang='lat' dir='ltr'>nusquam</span> 
     </span>
     <span class='ocr_line' id='line_1_34' title="bbox 439 2402 2398 2470; baseline 0.001 -15"><span class='ocrx_word' id='word_1_369' title='bbox 439 2402 684 2461; x_wconf 56' lang='lat' dir='ltr'>delentur,</span> <span class='ocrx_word' id='word_1_370' title='bbox 719 2406 779 2455; x_wconf 90' lang='lat' dir='ltr'>ita</span> <span class='ocrx_word' id='word_1_371' title='bbox 802 2407 1055 2455; x_wconf 68' lang='lat' dir='ltr'>‘scientifica</span> <span class='ocrx_word' id='word_1_372' title='bbox 1091 2405 1207 2453; x_wconf 87' lang='lat' dir='ltr'>fiunt</span> <span class='ocrx_word' id='word_1_373' title='bbox 1239 2405 1367 2452; x_wconf 87' lang='lat' dir='ltr'>vitae.</span> <span class='ocrx_word' id='word_1_374' title='bbox 1437 2404 1514 2452; x_wconf 86' lang='lat' dir='ltr'>Ex</span> <span class='ocrx_word' id='word_1_375' title='bbox 1551 2406 1620 2452; x_wconf 89' lang='lat' dir='ltr'>his</span> <span class='ocrx_word' id='word_1_376' title='bbox 1657 2407 1792 2454; x_wconf 88' lang='lat' dir='ltr'>etiam</span> <span class='ocrx_word' id='word_1_377' title='bbox 1830 2418 1970 2470; x_wconf 81' lang='lat' dir='ltr'>patet,</span> <span class='ocrx_word' id='word_1_378' title='bbox 2004 2407 2128 2470; x_wconf 90' lang='lat' dir='ltr'>quod</span> <span class='ocrx_word' id='word_1_379' title='bbox 2159 2407 2398 2458; x_wconf 86' lang='lat' dir='ltr'>scientifica</span> 
     </span>
     <span class='ocr_line' id='line_1_35' title="bbox 442 2469 2404 2537; baseline 0 -15"><span class='ocrx_word' id='word_1_380' title='bbox 442 2474 530 2522; x_wconf 82' lang='lat' dir='ltr'>fint</span> <span class='ocrx_word' id='word_1_381' title='bbox 551 2487 763 2536; x_wconf 84' lang='lat' dir='ltr'>tanquam</span> <span class='ocrx_word' id='word_1_382' title='bbox 792 2471 893 2521; x_wconf 84' lang='lat' dir='ltr'>vasa</span> <span class='ocrx_word' id='word_1_383' title='bbox 916 2472 1038 2529; x_wconf 58' lang='lat' dir='ltr'>,vitae</span> <span class='ocrx_word' id='word_1_384' title='bbox 1068 2469 1309 2519; x_wconf 66' lang='lat' dir='ltr'>interioriss</span> <span class='ocrx_word' id='word_1_385' title='bbox 1326 2470 1524 2518; x_wconf 88' lang='lat' dir='ltr'>hominis</span> <span class='ocrx_word' id='word_1_386' title='bbox 1544 2492 1559 2525; x_wconf 66' lang='grc' dir='ltr'>ς</span> <span class='ocrx_word' id='word_1_387' title='bbox 1593 2472 1643 2519; x_wconf 86' lang='grc' dir='ltr'>8τ</span> <span class='ocrx_word' id='word_1_388' title='bbox 1665 2472 1789 2533; x_wconf 90' lang='lat' dir='ltr'>quod</span> <span class='ocrx_word' id='word_1_389' title='bbox 1815 2473 1916 2519; x_wconf 88' lang='lat' dir='ltr'>inde</span> <span class='ocrx_word' id='word_1_390' title='bbox 1940 2473 1994 2519; x_wconf 89' lang='lat' dir='ltr'>fit</span> <span class='ocrx_word' id='word_1_391' title='bbox 2014 2472 2139 2537; x_wconf 91' lang='lat' dir='ltr'>quod</span> <span class='ocrx_word' id='word_1_392' title='bbox 2161 2472 2404 2522; x_wconf 85' lang='lat' dir='ltr'>scientifica.</span> 
     </span>
     <span class='ocr_line' id='line_1_36' title="bbox 443 2537 2400 2605; baseline 0.003 -20"><span class='ocrx_word' id='word_1_393' title='bbox 443 2554 524 2605; x_wconf 82' lang='lat' dir='ltr'>per</span> <span class='ocrx_word' id='word_1_394' title='bbox 545 2539 646 2586; x_wconf 89' lang='lat' dir='ltr'>vasa</span> <span class='ocrx_word' id='word_1_395' title='bbox 668 2541 779 2587; x_wconf 87' lang='lat' dir='ltr'>varii</span> <span class='ocrx_word' id='word_1_396' title='bbox 802 2538 995 2603; x_wconf 86' lang='lat' dir='ltr'>generis,</span> <span class='ocrx_word' id='word_1_397' title='bbox 1046 2539 1096 2586; x_wconf 85' lang='lat'>&amp;</span> <span class='ocrx_word' id='word_1_398' title='bbox 1120 2537 1194 2584; x_wconf 90' lang='lat' dir='ltr'>hic</span> <span class='ocrx_word' id='word_1_399' title='bbox 1215 2552 1295 2600; x_wconf 89' lang='lat' dir='ltr'>per</span> <span class='ocrx_word' id='word_1_400' title='bbox 1317 2549 1518 2592; x_wconf 79' lang='lat' dir='ltr'>cratereS,</span> <span class='ocrx_word' id='word_1_401' title='bbox 1553 2537 1861 2599; x_wconf 80' lang='lat' dir='ltr'>significentur</span> <span class='ocrx_word' id='word_1_402' title='bbox 1881 2554 1895 2585; x_wconf 68' lang='grc' dir='ltr'>ι</span> <span class='ocrx_word' id='word_1_403' title='bbox 1947 2538 2110 2587; x_wconf 81' lang='lat' dir='ltr'>similia</span> <span class='ocrx_word' id='word_1_404' title='bbox 2125 2555 2205 2603; x_wconf 88' lang='lat' dir='ltr'>per</span> <span class='ocrx_word' id='word_1_405' title='bbox 2226 2540 2326 2587; x_wconf 85' lang='lat' dir='ltr'>vasa</span> <span class='ocrx_word' id='word_1_406' title='bbox 2348 2542 2400 2590; x_wconf 80' lang='grc' dir='ltr'>ὅτ</span> 
     </span>
     <span class='ocr_line' id='line_1_37' title="bbox 444 2602 2400 2668; baseline 0.001 -16"><span class='ocrx_word' id='word_1_407' title='bbox 444 2617 631 2652; x_wconf 88' lang='lat' dir='ltr'>crateres</span> <span class='ocrx_word' id='word_1_408' title='bbox 665 2603 977 2668; x_wconf 70' lang='lat' dir='ltr'>significantur</span> <span class='ocrx_word' id='word_1_409' title='bbox 997 2604 1118 2668; x_wconf 86' lang='lat' dir='ltr'>apud</span> <span class='ocrx_word' id='word_1_410' title='bbox 1146 2602 1324 2651; x_wconf 90' lang='lat' dir='ltr'>Esaiam</span> <span class='ocrx_word' id='word_1_411' title='bbox 1362 2611 1393 2633; x_wconf 87' lang='lat'><strong>“</strong></span> <span class='ocrx_word' id='word_1_412' title='bbox 1417 2603 1457 2649; x_wconf 90' lang='lat' dir='ltr'>F</span> <span class='ocrx_word' id='word_1_413' title='bbox 1460 2602 1582 2664; x_wconf 83' lang='lat' dir='ltr'>igam</span> <span class='ocrx_word' id='word_1_414' title='bbox 1617 2602 1744 2652; x_wconf 87' lang='lat' dir='ltr'>Eum</span> <span class='ocrx_word' id='word_1_415' title='bbox 1769 2604 1949 2657; x_wconf 71' lang='lat' dir='ltr'>clavum</span> <span class='ocrx_word' id='word_1_416' title='bbox 1975 2603 2020 2650; x_wconf 92' lang='lat' dir='ltr'>in</span> <span class='ocrx_word' id='word_1_417' title='bbox 2045 2602 2146 2652; x_wconf 84' lang='lat' dir='ltr'>loco</span> <span class='ocrx_word' id='word_1_418' title='bbox 2169 2605 2310 2662; x_wconf 89' lang='lat' dir='ltr'>fideli,</span> <span class='ocrx_word' id='word_1_419' title='bbox 2345 2618 2400 2655; x_wconf 90' lang='lat' dir='ltr'>ut</span> 
     </span>
     <span class='ocr_line' id='line_1_38' title="bbox 446 2668 2400 2734; baseline 0 -14"><span class='ocrx_word' id='word_1_420' title='bbox 446 2668 502 2720; x_wconf 72' lang='lat' dir='ltr'>{it</span> <span class='ocrx_word' id='word_1_421' title='bbox 526 2669 572 2718; x_wconf 86' lang='lat' dir='ltr'>in</span> <span class='ocrx_word' id='word_1_422' title='bbox 596 2668 809 2719; x_wconf 90' lang='lat' dir='ltr'>thronum</span> <span class='ocrx_word' id='word_1_423' title='bbox 850 2670 1014 2733; x_wconf 77' lang='lat' dir='ltr'>gloriae</span> <span class='ocrx_word' id='word_1_424' title='bbox 1044 2668 1208 2717; x_wconf 87' lang='lat' dir='ltr'>domui</span> <span class='ocrx_word' id='word_1_425' title='bbox 1246 2671 1381 2731; x_wconf 89' lang='lat' dir='ltr'>patris</span> <span class='ocrx_word' id='word_1_426' title='bbox 1415 2669 1572 2731; x_wconf 79' lang='lat' dir='ltr'>ipsius,</span> <span class='ocrx_word' id='word_1_427' title='bbox 1608 2668 1738 2734; x_wconf 84' lang='lat' dir='ltr'>super</span> <span class='ocrx_word' id='word_1_428' title='bbox 1774 2685 1870 2734; x_wconf 92' lang='lat' dir='ltr'>quo</span> <span class='ocrx_word' id='word_1_429' title='bbox 1904 2669 2186 2732; x_wconf 78' lang='lat' dir='ltr'>suspendant.</span> <span class='ocrx_word' id='word_1_430' title='bbox 2210 2686 2400 2720; x_wconf 87' lang='lat' dir='ltr'>omnem</span> 
     </span>
     <span class='ocr_line' id='line_1_39' title="bbox 447 2733 2403 2800; baseline 0.002 -18"><span class='ocrx_word' id='word_1_431' title='bbox 447 2733 643 2799; x_wconf 87' lang='lat' dir='ltr'>gloriam</span> <span class='ocrx_word' id='word_1_432' title='bbox 677 2735 841 2785; x_wconf 88' lang='lat' dir='ltr'>domus</span> <span class='ocrx_word' id='word_1_433' title='bbox 878 2735 1025 2800; x_wconf 89' lang='lat' dir='ltr'>patris·</span> <span class='ocrx_word' id='word_1_434' title='bbox 1047 2734 1198 2797; x_wconf 79' lang='lat' dir='ltr'>ipsius,</span> <span class='ocrx_word' id='word_1_435' title='bbox 1231 2735 1431 2799; x_wconf 76' lang='lat' dir='ltr'>filiorum</span> <span class='ocrx_word' id='word_1_436' title='bbox 1455 2734 1505 2781; x_wconf 86' lang='lat'>&amp;</span> <span class='ocrx_word' id='word_1_437' title='bbox 1529 2744 1765 2795; x_wconf 87' lang='lat' dir='ltr'>nepotum,</span> <span class='ocrx_word' id='word_1_438' title='bbox 1798 2737 1942 2783; x_wconf 81' lang='lat' dir='ltr'>omnia</span> <span class='ocrx_word' id='word_1_439' title='bbox 1978 2738 2086 2798; x_wconf 74' lang='lat' dir='ltr'>vasa</span> <span class='ocrx_word' id='word_1_440' title='bbox 2120 2737 2318 2798; x_wconf 84' lang='lat' dir='ltr'>parvuli,</span> <span class='ocrx_word' id='word_1_441' title='bbox 2352 2753 2403 2786; x_wconf 77' lang='lat' dir='ltr'>ex</span> 
     </span>
     <span class='ocr_line' id='line_1_40' title="bbox 447 2798 2402 2867; baseline -0.001 -15"><span class='ocrx_word' id='word_1_442' title='bbox 447 2801 561 2861; x_wconf 82' lang='lat' dir='ltr'>vasis</span> <span class='ocrx_word' id='word_1_443' title='bbox 585 2799 795 2851; x_wconf 77' lang='lat' dir='ltr'>craterum</span> <span class='ocrx_word' id='word_1_444' title='bbox 817 2800 1176 2867; x_wconf 63' lang='lat' dir='ltr'>usquead&#39;omnia</span> <span class='ocrx_word' id='word_1_445' title='bbox 1197 2801 1301 2863; x_wconf 86' lang='lat' dir='ltr'>vasa</span> <span class='ocrx_word' id='word_1_446' title='bbox 1323 2799 1558 2848; x_wconf 84' lang='lat' dir='ltr'>nabliorum</span> <span class='ocrx_word' id='word_1_447' title='bbox 1578 2798 1610 2819; x_wconf 92' lang='lat'><strong><em>”</em></strong></span> <span class='ocrx_word' id='word_1_448' title='bbox 1661 2816 1766 2849; x_wconf 79' lang='lat' dir='ltr'>xxii</span> <span class='ocrx_word' id='word_1_449' title='bbox 1789 2819 1801 2849; x_wconf 90' lang='lat'>:</span> <span class='ocrx_word' id='word_1_450' title='bbox 1831 2815 1855 2847; x_wconf 89' lang='lat'>2</span> <span class='ocrx_word' id='word_1_451' title='bbox 1863 2818 1916 2864; x_wconf 81' lang='lat'>3,</span> <span class='ocrx_word' id='word_1_452' title='bbox 1948 2804 2098 2863; x_wconf 78' lang='lat' dir='ltr'>agitur</span> <span class='ocrx_word' id='word_1_453' title='bbox 2120 2802 2183 2850; x_wconf 91' lang='lat' dir='ltr'>ibi</span> <span class='ocrx_word' id='word_1_454' title='bbox 2207 2803 2254 2849; x_wconf 90' lang='lat' dir='ltr'>in</span> <span class='ocrx_word' id='word_1_455' title='bbox 2278 2802 2402 2851; x_wconf 85' lang='lat' dir='ltr'>sensu</span> 
     </span>
     <span class='ocr_line' id='line_1_41' title="bbox 449 2865 2402 2931; baseline -0.001 -14"><span class='ocrx_word' id='word_1_456' title='bbox 449 2869 629 2917; x_wconf 84' lang='lat' dir='ltr'>interno</span> <span class='ocrx_word' id='word_1_457' title='bbox 649 2866 699 2914; x_wconf 78' lang='grc' dir='ltr'>ὅτ</span> <span class='ocrx_word' id='word_1_458' title='bbox 722 2867 1086 2930; x_wconf 54' lang='lat' dir='ltr'>repraesenffitivo</span> <span class='ocrx_word' id='word_1_459' title='bbox 1108 2867 1165 2913; x_wconf 92' lang='lat' dir='ltr'>de</span> <span class='ocrx_word' id='word_1_460' title='bbox 1189 2865 1367 2913; x_wconf 90' lang='lat' dir='ltr'>Divino</span> <span class='ocrx_word' id='word_1_461' title='bbox 1403 2865 1628 2913; x_wconf 88' lang='lat' dir='ltr'>Humano</span> <span class='ocrx_word' id='word_1_462' title='bbox 1666 2866 1884 2929; x_wconf 78' lang='lat' dir='ltr'>Domini,</span> <span class='ocrx_word' id='word_1_463' title='bbox 1914 2867 1964 2914; x_wconf 89' lang='lat'>&amp;</span> <span class='ocrx_word' id='word_1_464' title='bbox 1986 2867 2114 2931; x_wconf 86' lang='lat' dir='ltr'>quod</span> <span class='ocrx_word' id='word_1_465' title='bbox 2138 2883 2219 2931; x_wconf 89' lang='lat' dir='ltr'>per</span> <span class='ocrx_word' id='word_1_466' title='bbox 2243 2867 2402 2930; x_wconf 88' lang='lat' dir='ltr'>Ipsum</span> 
     </span>
     <span class='ocr_line' id='line_1_42' title="bbox 450 2931 2406 2997; baseline -0.001 -14"><span class='ocrx_word' id='word_1_467' title='bbox 450 2937 502 2983; x_wconf 74' lang='grc' dir='ltr'>ὅτ</span> <span class='ocrx_word' id='word_1_468' title='bbox 524 2948 579 2980; x_wconf 85' lang='lat' dir='ltr'>ex</span> <span class='ocrx_word' id='word_1_469' title='bbox 604 2931 708 2997; x_wconf 80' lang='lat' dir='ltr'>Ipso</span> <span class='ocrx_word' id='word_1_470' title='bbox 729 2933 883 2981; x_wconf 87' lang='lat' dir='ltr'>omnia</span> <span class='ocrx_word' id='word_1_471' title='bbox 905 2949 1010 2982; x_wconf 82' lang='lat' dir='ltr'>vera</span> <span class='ocrx_word' id='word_1_472' title='bbox 1025 2934 1076 2982; x_wconf 85' lang='lat'>&amp;</span> <span class='ocrx_word' id='word_1_473' title='bbox 1093 2933 1210 2980; x_wconf 87' lang='lat' dir='ltr'>bona</span> <span class='ocrx_word' id='word_1_474' title='bbox 1226 2947 1253 2979; x_wconf 91' lang='lat' dir='ltr'>a</span> <span class='ocrx_word' id='word_1_475' title='bbox 1269 2932 1428 2995; x_wconf 87' lang='lat' dir='ltr'>primis</span> <span class='ocrx_word' id='word_1_476' title='bbox 1449 2932 1505 2979; x_wconf 92' lang='lat' dir='ltr'>ad</span> <span class='ocrx_word' id='word_1_477' title='bbox 1528 2933 1686 2980; x_wconf 88' lang='lat' dir='ltr'>ultima</span> <span class='ocrx_word' id='word_1_478' title='bbox 1705 2954 1720 2988; x_wconf 79' lang='lat'>3</span> <span class='ocrx_word' id='word_1_479' title='bbox 1754 2948 1855 2980; x_wconf 89' lang='lat' dir='ltr'>vera</span> <span class='ocrx_word' id='word_1_480' title='bbox 1872 2933 2110 2996; x_wconf 82' lang='lat' dir='ltr'>scientifica</span> <span class='ocrx_word' id='word_1_481' title='bbox 2125 2950 2182 2980; x_wconf 86' lang='lat' dir='ltr'>ex</span> <span class='ocrx_word' id='word_1_482' title='bbox 2201 2933 2406 2997; x_wconf 75' lang='lat' dir='ltr'>prosapia</span> 
     </span>
     <span class='ocr_line' id='line_1_43' title="bbox 448 2996 2407 3063; baseline -0.001 -15"><span class='ocrx_word' id='word_1_483' title='bbox 448 2996 618 3058; x_wconf 87' lang='lat' dir='ltr'>coelesti</span> <span class='ocrx_word' id='word_1_484' title='bbox 642 2997 742 3047; x_wconf 87' lang='lat' dir='ltr'>sunt</span> <span class='ocrx_word' id='word_1_485' title='bbox 761 2998 862 3046; x_wconf 73' lang='lat' dir='ltr'>vasa</span> <span class='ocrx_word' id='word_1_486' title='bbox 882 3010 1118 3063; x_wconf 85' lang='lat' dir='ltr'>craterum,</span> <span class='ocrx_word' id='word_1_487' title='bbox 1153 2999 1205 3046; x_wconf 75' lang='grc' dir='ltr'>ὅτ</span> <span class='ocrx_word' id='word_1_488' title='bbox 1226 3013 1328 3045; x_wconf 88' lang='lat' dir='ltr'>vera</span> <span class='ocrx_word' id='word_1_489' title='bbox 1363 2996 1603 3046; x_wconf 86' lang='lat' dir='ltr'>scientifica</span> <span class='ocrx_word' id='word_1_490' title='bbox 1625 3014 1682 3046; x_wconf 89' lang='lat' dir='ltr'>ex</span> <span class='ocrx_word' id='word_1_491' title='bbox 1706 2998 1908 3062; x_wconf 87' lang='lat' dir='ltr'>prosapia</span> <span class='ocrx_word' id='word_1_492' title='bbox 1942 2997 2155 3062; x_wconf 87' lang='lat' dir='ltr'>spirituali</span> <span class='ocrx_word' id='word_1_493' title='bbox 2179 2997 2278 3045; x_wconf 87' lang='lat' dir='ltr'>sunt</span> <span class='ocrx_word' id='word_1_494' title='bbox 2302 3000 2407 3046; x_wconf 87' lang='lat' dir='ltr'>vasa</span> 
     </span>
     <span class='ocr_line' id='line_1_44' title="bbox 451 3063 2404 3127; baseline -0.001 -13"><span class='ocrx_word' id='word_1_495' title='bbox 451 3063 704 3114; x_wconf 85' lang='lat' dir='ltr'>nabliorum</span> <span class='ocrx_word' id='word_1_496' title='bbox 726 3083 740 3114; x_wconf 70' lang='grc' dir='ltr'><strong><em>ε</em></strong></span> <span class='ocrx_word' id='word_1_497' title='bbox 773 3065 824 3112; x_wconf 76' lang='grc' dir='ltr'>ὅτ</span> <span class='ocrx_word' id='word_1_498' title='bbox 847 3064 966 3127; x_wconf 86' lang='lat' dir='ltr'>apud</span> <span class='ocrx_word' id='word_1_499' title='bbox 980 3064 1234 3125; x_wconf 80' lang='lat' dir='ltr'>Sachariam</span> <span class='ocrx_word' id='word_1_500' title='bbox 1269 3071 1305 3126; x_wconf 68' lang='lat' dir='ltr'>‘f</span> <span class='ocrx_word' id='word_1_501' title='bbox 1328 3063 1381 3110; x_wconf 91' lang='lat' dir='ltr'>In</span> <span class='ocrx_word' id='word_1_502' title='bbox 1404 3063 1478 3110; x_wconf 87' lang='lat' dir='ltr'>die</span> <span class='ocrx_word' id='word_1_503' title='bbox 1497 3065 1576 3111; x_wconf 88' lang='lat' dir='ltr'>illo</span> <span class='ocrx_word' id='word_1_504' title='bbox 1599 3064 1683 3111; x_wconf 87' lang='lat' dir='ltr'>erit</span> <span class='ocrx_word' id='word_1_505' title='bbox 1704 3064 1837 3126; x_wconf 87' lang='lat' dir='ltr'>super</span> <span class='ocrx_word' id='word_1_506' title='bbox 1856 3063 2162 3112; x_wconf 84' lang='lat' dir='ltr'>tintinnabulis</span> <span class='ocrx_word' id='word_1_507' title='bbox 2178 3079 2404 3127; x_wconf 87' lang='lat' dir='ltr'>equorum-</span> 
     </span>
     <span class='ocr_line' id='line_1_45' title="bbox 451 3125 2405 3194; baseline -0.004 -11"><span class='ocrx_word' id='word_1_508' title='bbox 451 3129 657 3183; x_wconf 70' lang='lat' dir='ltr'>sanffitas</span> <span class='ocrx_word' id='word_1_509' title='bbox 676 3131 875 3194; x_wconf 78' lang='lat' dir='ltr'>Jehovae</span> <span class='ocrx_word' id='word_1_510' title='bbox 893 3150 912 3189; x_wconf 64' lang='grc' dir='ltr'>ς</span> <span class='ocrx_word' id='word_1_511' title='bbox 942 3131 993 3180; x_wconf 76' lang='grc' dir='ltr'>ὅτ</span> <span class='ocrx_word' id='word_1_512' title='bbox 1014 3141 1146 3179; x_wconf 86' lang='lat' dir='ltr'>erunt</span> <span class='ocrx_word' id='word_1_513' title='bbox 1165 3129 1256 3178; x_wconf 78' lang='lat' dir='ltr'>ollae</span> <span class='ocrx_word' id='word_1_514' title='bbox 1274 3125 1463 3194; x_wconf 10' lang='lat' dir='ltr'>‚in&#39;domou</span> <span class='ocrx_word' id='word_1_515' title='bbox 1478 3130 1679 3192; x_wconf 77' lang='lat' dir='ltr'>Jehovae,</span> <span class='ocrx_word' id='word_1_516' title='bbox 1724 3130 1835 3180; x_wconf 86' lang='lat' dir='ltr'>ficut</span> <span class='ocrx_word' id='word_1_517' title='bbox 1855 3140 2039 3193; x_wconf 66' lang='lat' dir='ltr'>crateres</span> <span class='ocrx_word' id='word_1_518' title='bbox 2061 3145 2200 3180; x_wconf 85' lang='lat' dir='ltr'>coram</span> <span class='ocrx_word' id='word_1_519' title='bbox 2222 3132 2357 3178; x_wconf 84' lang='lat' dir='ltr'>altari</span> <span class='ocrx_word' id='word_1_520' title='bbox 2370 3128 2405 3154; x_wconf 64' lang='lat'><strong>⁹</strong></span> 
     </span>
    </p>
   </div>
   <div class='ocr_carea' id='block_1_3' title="bbox 2287 3210 2410 3263">
    <p class='ocr_par' dir='ltr' id='par_1_4' title="bbox 2287 3210 2410 3263">
     <span class='ocr_line' id='line_1_46' title="bbox 2287 3210 2410 3263; baseline 0 -1"><span class='ocrx_word' id='word_1_521' title='bbox 2287 3210 2410 3263; x_wconf 51' lang='grc' dir='ltr'>31Υὲ</span> 
     </span>
    </p>
   </div>
  </div>
 </body>
</html>
