2722 3684
603 216 608 220 -
688 183 988 250 CAPUT
1033 176 1526 258 V1GE31MUM
1573 179 2043 267 QJARTUM.
2207 203 2343 265 499

382 318 512 356 tenus
532 304 667 356 alicui
692 305 901 354 homini:
936 303 1064 369 quod
1095 304 1156 351 ita
1181 303 1250 360 fit,
1283 301 1483 351 constare
1504 300 1651 364 potest
1680 317 1708 348 a
1739 300 2127 363 repraesentatione
2151 302 2273 351 Petri
2295 303 2349 352 δε

378 372 630 421 duodecim
661 371 1023 435 Discipulorum,
1057 380 1154 417 tum
1178 385 1202 416 a
1225 368 1550 430 significatione
1583 379 1742 429 petrae,
1776 368 1828 414 &
1849 383 2036 431 quoque
2069 383 2095 414 a
2128 368 2349 432 fignifica-

375 437 506 486 tione
527 438 726 485 clavium
747 457 762 491 ς
796 436 920 501 quod
944 435 1105 483 Petrus
1123 434 1502 499 repraesentaverit
1517 433 1673 489 fidem,
1689 431 1895 480 videatur
1911 431 2109 481 Praefat:
2142 434 2197 481 ad
2218 433 2347 497 Cap:

374 517 536 549 xv111
566 502 616 550 δε
639 518 760 552 xxii
788 501 966 550 Genes:
1001 514 1101 550 tum
1126 516 1186 547 n:
1213 514 1357 564 3750.
1381 502 1527 563 4738.
1554 499 1697 553 6000.
1724 499 1849 560 6073
1886 497 1977 544 fin:
2012 499 2063 546 δε
2084 499 2212 563 quod
2235 500 2351 548 duo-

376 567 529 615 decim
560 567 781 630 Discipuli
820 566 1034 624 Domini,
1070 565 1183 613 ficut
1218 566 1459 612 duodecim
1495 564 1668 611 Tribus
1698 561 1883 618 Israelis,
1932 564 2351 626 repraesentaverint

375 634 534 680 omnia
559 633 734 681 fidei&
757 633 939 690 amoris,
975 648 1032 679 n:
1056 634 1200 693 3488.
1230 634 1374 694 3858.
1395 630 1561 692 6397,
1595 629 1723 693 quod
1761 640 1888 691 petra
1919 628 2143 690 significet
2182 631 2350 678 Domi-

380 712 498 745 num
521 698 674 762 quoad
697 698 854 755 fidem,
888 698 938 746 &
961 696 1021 744 fic
1038 697 1182 745 fidem
1216 712 1323 760 quae
1346 711 1371 742 a
1406 695 1632 751 Domino,
1668 709 1723 740 n:
1751 696 1871 755 8581
1895 714 1910 748 ;
1962 696 2013 742 δε
2045 694 2170 759 quod
2204 696 2351 743 claves

378 761 635 826 significent
658 764 931 827 potentiam,
965 762 1136 810 constat
1157 760 1215 810 eit
1248 762 1356 809 locis
1389 761 1436 808 in
1459 759 1628 815 Verbo,
1664 759 1740 806 ubi
1766 759 1930 806 Claves
1953 763 2263 818 nominantur,
2300 775 2352 809 ut

376 828 498 891 apud
525 829 783 892 Johannem
820 838 854 860 “
875 829 980 891 Ego
1003 828 1102 876 sum
1126 828 1308 875 Primus
1330 828 1380 874 &
1413 825 1715 879 Noviffimus,
1751 825 1845 889 Qui
1882 825 2014 880 vivit,
2049 826 2100 873 δε
2131 825 2201 873 fui
2225 842 2351 874 mor-

378 905 483 940 tuus
503 914 519 948 ;
555 893 628 942 sed
654 910 753 942 ecce
778 895 888 942 vivo
912 893 1019 956 Ego
1042 894 1087 940 in
1114 893 1273 941 saecula
1297 892 1579 946 saeculorum,
1602 891 1652 938 &
1670 888 1799 936 habeo
1814 889 1958 938 claves
1978 891 2140 952 inferni
2160 891 2217 939 δέ
2239 906 2352 939 mor-

378 960 482 1006 tis'’
516 960 683 1023 Apoc:
716 976 768 1006 1:
801 962 886 1009 18:
924 959 1042 1022 apud
1068 958 1285 1006 Eundem
1331 966 1363 987 “
1384 958 1507 1004 Haec
1539 955 1651 1002 dicit
1674 954 1876 1011 SanctuS,
1912 954 2077 1012 Verus,
2114 954 2207 1016 Qi
2226 957 2353 1006 habet

379 1025 542 1072 clavem
565 1024 772 1081 Davidis,
807 1025 888 1090 qui
910 1026 1050 1086 aperit
1070 1034 1119 1072 ut
1134 1039 1252 1072 nemo
1267 1021 1458 1077 claudat,
1491 1020 1548 1071 ΕΞ
1569 1019 1728 1069 claudit
1750 1029 1802 1067 ut
1821 1036 1938 1068 nemo
1960 1021 2163 1083 aperiat”
2183 1022 2346 1087 Apoc:

385 1103 405 1135 1
420 1104 438 1136 1
453 1104 471 1136 1
493 1106 505 1137 :
532 1093 556 1137 8
577 1107 590 1137 z
631 1091 682 1138 &
698 1090 817 1152 apud
841 1089 1022 1137 Esaiam
1059 1096 1096 1119 ‘⁶
1113 1090 1243 1137 Dabo
1264 1088 1427 1136 clavem
1449 1086 1590 1135 domus
1612 1085 1803 1134 Davidis
1813 1086 1943 1148 super
1959 1087 2182 1135 humerum
2201 1088 2351 1150 Ipsius,

377 1164 431 1202 ut
462 1157 630 1216 aperiat
662 1154 719 1203 &
750 1171 832 1203 non
863 1154 1072 1210 claudens,
1109 1154 1167 1204 δ’
1196 1153 1369 1202 claudat
1389 1169 1462 1202 nec
1484 1155 1672 1215 aperiens
1689 1151 1720 1174 '⁹
1754 1167 1906 1199 xx11:
1934 1168 2027 1208 223
2061 1153 2188 1216 quod
2212 1153 2259 1201 in
2283 1154 2352 1202 his

381 1219 495 1267 locis
517 1219 654 1267 clavis
677 1220 730 1268 fit
753 1221 974 1284 potentia,
1011 1232 1137 1283 patet
1156 1240 1173 1275 3
1223 1222 1273 1268 &
1305 1220 1428 1284 quod
1462 1235 1513 1266 ea
1548 1219 1599 1266 fit
1630 1217 1725 1265 Soli
1756 1217 1979 1266 Domino.
2050 1219 2127 1266 Ex
2152 1218 2218 1267 his
2240 1235 2351 1268 con·

379 1284 493 1332 stare
527 1285 690 1348 potest,
724 1287 878 1350 quales
912 1286 978 1333 illi
1013 1286 1129 1342 sunt,
1164 1285 1241 1350 qui
1278 1285 1323 1331 in
1354 1284 1476 1332 sensu
1497 1282 1639 1331 Verbi
1663 1296 1850 1330 externo
1875 1285 2075 1347 separato
2097 1285 2154 1331 ab
2178 1285 2353 1337 interno

381 1348 499 1407 sunt,
537 1351 659 1414 quod
685 1366 852 1414 nempe
875 1351 963 1399 illis
986 1351 1106 1398 nulla
1129 1350 1391 1413 conjunctio
1419 1365 1526 1397 cum
1559 1348 1682 1396 coelo
1716 1349 1785 1405 fit,
1821 1350 1882 1396 ita
1906 1350 2026 1396 nulla
2048 1364 2153 1397 cum
2181 1351 2352 1399 Domi·

381 1430 444 1463 no
464 1435 480 1468 ·,
530 1416 640 1462 ficut
664 1417 727 1463 illi
752 1417 830 1482 qui
854 1416 1085 1479 explicant
1107 1416 1183 1477 illa
1206 1416 1341 1463 verba
1367 1415 1561 1464 Domini
1584 1414 1639 1461 ad
1663 1414 1850 1461 Petrum
1873 1414 1923 1462 ὅτ
1943 1415 1997 1461 ad
2021 1414 2266 1478 discipulos
2287 1416 2352 1465 se-

381 1480 583 1527 cundum
605 1481 796 1538 literam,
835 1482 960 1545 quod
987 1482 1067 1529 fibi
1091 1495 1298 1544 arrogent
1323 1480 1572 1544 potentiam
1597 1480 1793 1526 salvandi
1816 1493 1959 1540 genus
1992 1480 2266 1538 humanum,
2299 1498 2352 1530 ac

383 1545 427 1592 se
449 1541 556 1592 d'eos
578 1547 683 1593 coeli
703 1548 752 1594 δε
769 1560 900 1595 terrae
921 1545 1097 1605 faciant,
1131 1548 1182 1594 &
1206 1548 1292 1595 hoc
1314 1562 1371 1594 ex
1394 1546 1555 1593 vesano
1570 1560 1723 1592 amore
1740 1544 1805 1592 sui
1831 1546 1881 1593 ὅτ
1906 1546 2064 1593 mundi
2085 1564 2097 1592 :
2141 1547 2352 1611 quisque,

382 1613 463 1674 qui
495 1626 553 1658 ex
575 1610 672 1658 sana
695 1614 863 1660 ratione
886 1613 1075 1675 cogitat,
1111 1613 1264 1660 videre
1297 1612 1344 1658 δι
1380 1626 1537 1675 capere
1571 1610 1739 1674 potest,
1774 1610 1900 1674 quod
1925 1611 2068 1659 homo
2090 1627 2181 1658 non
2219 1615 2351 1676 poffit

384 1675 552 1723 solvere
576 1693 720 1724 unum
749 1691 998 1741 peccatum,
1032 1678 1249 1740 quoniam
1265 1690 1502 1740 peccatum
1523 1691 1612 1724 non
1631 1675 1819 1723 solvitur
1834 1675 1914 1723 nisi
1934 1692 2013 1739 per
2030 1675 2351 1727 formationem

387 1756 524 1789 novae
547 1741 674 1798 vitae,
708 1741 798 1791 hoc
820 1744 899 1799 est,
920 1759 1002 1806 per
1024 1745 1406 1806 regenerationem
1430 1760 1457 1799 a
1475 1741 1683 1789 Domino
1701 1762 1715 1796 ;
1740 1742 1865 1805 quod
1885 1743 2163 1805 regeneratio
2186 1743 2355 1806 perstet

383 1805 523 1868 usque
547 1806 601 1853 ad
626 1809 767 1856 finem
791 1809 899 1856 vitae
922 1809 1119 1856 hominis
1153 1811 1198 1856 in
1237 1809 1430 1864 mundo,
1472 1808 1522 1856 δε
1546 1806 1697 1871 postea
1723 1807 1767 1853 in
1789 1819 2030 1864 aeternum,
2063 1808 2268 1856 videatur
2291 1826 2348 1857 nt

387 1875 513 1930 8548
539 1873 594 1918 ad
624 1875 765 1936 8553.
795 1874 919 1937 8635
939 1875 994 1922 ad
1013 1875 1156 1936 8640.
1184 1877 1309 1940 8742
1334 1874 1390 1922 ad
1416 1876 1559 1936 8747.
1588 1875 1709 1934 8853
1731 1872 1786 1919 ad
1814 1874 1954 1934 8858.
1981 1876 2105 1936 8958
2127 1873 2181 1920 ad
2204 1875 2352 1936 8968.

387 1937 516 2001 Qid
541 1937 596 1984 sit
619 1939 794 1986 Verum
819 1939 863 1986 in
890 1941 962 1988 sua
986 1941 1204 2003 potentia,
1238 1939 1374 1986 etiam
1400 1939 1551 2000 paucis
1574 1938 1746 1985 dicetur
1761 1958 1777 1991 ;
1812 1939 1936 2002 quod
1962 1938 2137 2000 Angeli
2164 1939 2211 1986 in
2235 1939 2351 1988 Ver-
2392 1996 2394 1998 ,

387 2002 449 2048 bo
471 2002 671 2049 dicantur
697 2005 936 2061 Potentiae,
971 2006 1021 2053 &
1044 2021 1228 2069 quoque
1244 2005 1369 2068 quod
1395 2005 1478 2052 fint
1502 2003 1744 2059 Potentiae,
1780 2003 1825 2050 in
1851 2003 2223 2053 Ecclesianotum
2246 2005 2312 2052 est
2330 2025 2350 2060 ς

386 2066 451 2114 ast
485 2082 576 2114 non
612 2066 708 2116 sunt
732 2070 955 2119 Potentiae
977 2087 1035 2118 ex
1058 2071 1115 2127 se,
1151 2071 1225 2118 sed
1257 2086 1313 2117 ex
1331 2069 1558 2126 Domino,
1592 2069 1812 2133 quoniam
1837 2069 1935 2116 sunt
1958 2071 2223 2134 recipientes
2242 2071 2350 2119 Veri

386 2131 547 2179 Divini
582 2133 708 2196 quod
740 2149 766 2180 a
798 2135 1034 2184 Domino:
1071 2136 1273 2198 potentia
1307 2136 1393 2185 illis
1414 2151 1439 2183 a
1466 2136 1677 2182 Domino
1710 2134 1806 2181 talis
1828 2134 1908 2191 est,
1945 2148 1995 2182 ut
2019 2151 2132 2183 unus
2166 2136 2350 2184 illorum

387 2197 521 2258 poffit
558 2198 682 2246 mille
718 2214 774 2245 ex
816 2201 940 2248 turba
974 2201 1196 2248 diabolica
1235 2201 1431 2264 abigere,
1464 2200 1689 2248 includere
1723 2200 1925 2257 inferniS,
1961 2202 2011 2248 &
2034 2201 2349 2264 compescere:

387 2263 560 2309 Verum
585 2264 706 2311 enim
726 2265 952 2313 Divinum
977 2266 1102 2329 quod
1119 2283 1145 2314 a
1166 2268 1395 2322 Domino,
1430 2265 1591 2328 implet
1622 2265 1780 2321 coelos,
1815 2266 1865 2314 δε
1895 2264 2000 2313 facit
2023 2268 2167 2314 coelos
2190 2287 2204 2320 ς
2240 2269 2288 2314 δε
2315 2266 2347 2313 fi

386 2328 568 2375 credere
593 2329 746 2386 vultis»,
782 2345 861 2393 per
884 2331 929 2377 id
953 2331 1108 2379 omnia
1125 2331 1238 2379 fasta
1261 2333 1310 2380 ὅτ
1327 2345 1471 2380 creata
1490 2331 1618 2385 sunt;
1655 2331 1884 2388 Verbum,
1912 2331 2037 2395 quod
2055 2344 2146 2379 erat
2165 2332 2208 2377 in
2229 2334 2351 2394 prin-

356 2393 511 2455 ‘cipio
531 2394 647 2456 apud
671 2394 842 2451 Deum,
876 2397 926 2444 &
948 2397 1073 2459 quod
1096 2410 1187 2445 erat
1224 2398 1370 2453 DeuS,
1407 2412 1484 2461 per
1514 2395 1643 2460 quod
1674 2397 1831 2443 omnia
1863 2409 2007 2444 creata
2030 2396 2147 2454 sunt,
2184 2397 2232 2444 δι
2268 2413 2351 2462 per

387 2457 515 2517 quod
537 2459 733 2523 mundus
756 2459 918 2518 faetus,
954 2463 1012 2508 de
1036 2478 1128 2525 quo
1150 2463 1268 2525 apud
1291 2462 1546 2522 Johannem
1585 2462 1712 2524 Cap:
1755 2476 1774 2508 1
1797 2478 1813 2509 :
1846 2461 1984 2509 Vers:
2028 2480 2048 2511 1
2087 2462 2144 2509 ad
2175 2480 2250 2522 14,
2285 2463 2350 2511 est

390 2522 619 2571 Divinum
649 2525 856 2580 Verum;
890 2527 1013 2590 quod
1050 2529 1136 2575 hoc
1166 2529 1220 2576 fit
1252 2529 1439 2575 unicum
1475 2525 1772 2582 fiibstantiale,
1806 2542 1862 2573 ex
1892 2543 1989 2590 quo
2010 2528 2180 2583 omnia,
2216 2529 2348 2591 pauci

388 2587 571 2649 poffunt
591 2603 765 2652 capere,
801 2593 1017 2655 quoniam
1042 2593 1142 2641 idea
1167 2594 1223 2639 de
1250 2593 1425 2640 Divino
1449 2593 1572 2639 Vero
1590 2607 1680 2638 non
1704 2593 1788 2638 alia
1812 2592 1948 2639 hodie
1969 2593 2173 2649 habetur,
2204 2610 2347 2657 quam

388 2651 535 2714 qualis
568 2653 626 2700 de
659 2655 840 2719 loquela
872 2656 962 2703 oris
994 2671 1051 2704 ex
1084 2657 1350 2721 imperante,
1387 2657 1631 2704 secundum
1655 2672 1795 2720 quam
1828 2657 2036 2705 mandata
2059 2658 2315 2707 efficiuntur
2334 2681 2350 2714 ς

390 2715 463 2763 sed
487 2718 632 2780 qualis
655 2720 755 2766 idea
777 2721 834 2768 de
857 2721 937 2768 illo
961 2721 1162 2770 habenda
1186 2723 1255 2778 sit,
1290 2723 1495 2769 videatur
1529 2736 1584 2768 n:
1621 2738 1748 2785 9407
1786 2722 1842 2768 ad
1867 2723 1961 2770 fin:
1998 2723 2349 2786 omnipotentia

389 2781 552 2829 Di-vini
577 2783 686 2832 Veri
708 2786 837 2849 quod
858 2802 882 2832 a
903 2787 1131 2844 Domino,
1168 2787 1431 2836 describitur
1453 2788 1609 2835 multis
1644 2787 1690 2834 in
1723 2787 1831 2835 locis
1862 2788 1909 2834 in
1942 2788 2116 2844 Ver-bo,
2149 2790 2199 2836 δε
2231 2805 2349 2851 quo·

390 2861 479 2909 que
501 2848 625 2910 apud
650 2850 907 2912 Johannem
933 2851 978 2898 in
1007 2853 1290 2918 Apocalypsi
1324 2862 1356 2883 “
1380 2852 1572 2901 Factum
1607 2851 1669 2898 est
1703 2852 1871 2900 bellum
1895 2853 1941 2900 in
1974 2855 2112 2909 coelo,
2149 2853 2349 2902 Michael

390 2913 441 2959 δε
465 2912 637 2975 Angeli
661 2914 756 2976 ejus
779 2930 1041 2979 pugnarunt
1065 2931 1217 2966 contra
1252 2923 1494 2966 draconem
1517 2939 1531 2972 ;
1565 2917 1699 2964 draco
1727 2930 1878 2966 autem
1913 2921 2154 2982 pugnavit,
2189 2920 2240 2966 &
2272 2937 2350 2968 an-

389 2977 479 3039 geli
506 2977 617 3042 ejus,
652 2979 725 3025 sed
751 2997 840 3028 non
867 2983 1235 3044 praevaluerunt3
1270 2999 1412 3045 neque
1434 2983 1557 3030 locus
1578 2986 1786 3031 inventus
1808 2982 1873 3030 est
1902 2999 2059 3032 eorum
2084 2984 2279 3047 amplius
2301 2988 2348 3034 in

388 3041 540 3090 coelo:
576 3046 771 3092 vicerunt
794 3046 914 3095 illum
933 3042 1017 3108 per'
1036 3048 1284 3113 sanguinem
1301 3050 1433 3113 Agni,
1468 3047 1524 3097 δέ’
1541 3061 1621 3110 per
1645 3047 1823 3096 Verbum
1842 3050 2058 3109 testimonii
2081 3049 2142 3110 (ui
2160 3048 2192 3068 ”
2225 3067 2280 3098 xi
2296 3067 2314 3098 1
2333 3068 2348 3099 ε

394 3120 439 3171 7.
462 3110 503 3156 8.
532 3125 622 3166 113
657 3111 786 3176 quod
809 3113 1004 3177 Sanguis
1027 3113 1158 3178 Agni
1191 3115 1243 3165 sit
1268 3115 1498 3164 Divinum
1517 3115 1695 3164 Verum
1717 3115 1961 3179 procedens
1982 3129 2006 3162 a
2031 3114 2207 3164 Divino
2242 3116 2348 3163 Hu-

2210 3195 2349 3229 mano
