2722 3684
385 222 512 282 242
833 158 1966 269 Exo‘Dcrsq

380 337 457 375 tur
479 325 596 373 veris
610 336 794 391 propter
815 326 1039 381 scientiam
1061 349 1076 383 ς
1110 339 1157 376 at
1178 328 1258 392 qui
1283 327 1328 375 in
1354 327 1594 377 affeffione
1617 329 1778 376 veri&
1804 328 1912 376 boni
1930 327 2045 383 sunt,
2081 342 2133 376 ac
2161 327 2208 377 in
2232 326 2367 377 sensu

387 391 753 455 repraesentativo
777 392 878 440 sunt
897 394 1072 440 ancillae
1109 394 1179 441 seu
1205 393 1427 449 faeminae,
1463 393 1528 440 illi
1565 408 1655 440 non
1679 394 1933 440 afficiuntur
1956 393 2159 451 scientia,
2195 393 2271 442 sed
2300 395 2369 456 ip-

389 458 446 507 fis
468 459 582 505 veris
598 459 647 507 ὅτ
671 458 802 505 bonis
817 474 925 506 cum
951 459 1139 506 audiunt
1161 460 1209 505 δε
1235 458 1489 521 percipiunt
1508 458 1581 505 illa
1599 458 1717 521 apud
1737 456 1845 504 alios
1865 479 1879 511 3
1904 459 2002 505 talis
2026 457 2363 523 affefiliosscom-

391 524 544 573 munis
576 523 642 571 est
674 523 793 586 apud
830 522 1036 571 faeminas
1071 524 1243 577 bonas3
1280 522 1354 568 sed
1388 522 1570 570 affeelio
1595 523 1875 570 scientiarum
1902 525 1994 571 veri
2019 524 2277 572 communis
2299 522 2364 570 est

391 590 515 652 apud
548 589 702 635 viros:
753 588 858 635 inde
890 588 973 650 est,
1027 588 1154 652 quod
1189 588 1270 652 qui
1306 589 1350 634 in
1387 587 1674 652 percef‘ione
1710 587 1921 650 spirituali
1958 587 2075 645 sunt,
2123 588 2366 646 foeminas,

393 669 500 717 quae
523 654 774 701 afficiuntur
796 653 929 710 veris,
962 664 1130 709 amant,
1165 665 1211 700 at
1233 651 1454 709 faeminaS,
1488 669 1596 716 quae
1618 654 1661 700 in
1686 652 1875 701 scientiis
1899 654 2019 710 sunt,
2057 669 2149 702 non
2172 667 2326 701 amant
2346 675 2362 708 ·,

394 720 642 766 secundum
659 718 866 766 ordinem
900 720 1022 766 enim
1058 718 1281 767 Divinum
1316 719 1397 775 est,
1431 730 1483 765 ut
1519 717 1604 764 viri
1641 718 1726 765 [int
1762 717 1807 764 in
1845 717 2052 775 scientiis,
2087 731 2132 767 at
2165 718 2363 766 faeminae

394 783 542 832 solum
569 784 615 829 in
638 782 972 842 affectionibus,
1006 785 1057 833 &
1078 782 1135 830 fic
1156 783 1281 847 quod
1305 799 1396 832 non
1419 795 1572 831 ament
1596 782 1638 830 se
1659 798 1715 831 ex
1740 782 1932 829 scientiis
1970 783 2044 830 sed
2071 785 2204 840 viros,
2240 785 2360 833 unde

393 848 649 910 conjugiale
669 866 680 894 :
716 848 821 896 inde
843 865 1026 913 quoque
1048 848 1127 905 est,
1162 849 1282 912 quod
1303 865 1330 896 a
1352 849 1575 897 veteribus
1591 848 1766 896 dietum
1787 849 1856 905 lit,
1891 848 2014 912 quod
2034 847 2235 896 faeminae
2245 860 2363 896 tace·
2436 884 2445 888 „

393 914 509 961 bunt
532 915 575 960 in
600 913 828 962 Ecclesia:
864 917 972 978 quia
1007 914 1067 963 ita
1101 913 1180 970 est,
1216 915 1322 962 ideo
1358 914 1554 963 scientiae
1586 914 1636 961 δε
1668 914 1954 974 cognitiones
1988 913 2362 977 repraesentantur

390 995 474 1043 per
497 980 635 1035 virOS,
658 992 704 1027 at
721 978 980 1028 affectiones
999 996 1077 1043 per
1100 980 1321 1036 saeminas‚
1358 980 1430 1028 hic
1462 979 1721 1027 affeffiones
1759 979 1853 1026 veri
1885 994 1989 1042 quae
2022 979 2267 1026 scaturiunt
2304 994 2362 1026 ex

386 1044 604 1109 jucundis
637 1053 860 1106 amorum:
877 1046 1144 1094 naturalium
1174 1061 1250 1107 per
1273 1045 1483 1099 ancillas;
1504 1059 1613 1108 quae
1635 1044 1741 1107 quia
1764 1045 1942 1107 prorsus
1962 1044 2048 1092 alia
2071 1057 2224 1092 natura
2247 1044 2363 1101 sunt,

391 1125 536 1174 quam
569 1110 647 1172 qui
682 1109 940 1158 afficiuntur
970 1111 1176 1166 scientiis,
1212 1111 1382 1159 idcirco
1413 1109 1589 1174 prorsus
1632 1109 1756 1157 aliter
1795 1109 1836 1156 se
1877 1109 2010 1159 habet
2048 1125 2154 1158 cum
2189 1109 2361 1157 ancillis

390 1191 533 1239 quam
556 1190 663 1222 cum
696 1175 856 1222 servis:
887 1176 974 1224 hoc
991 1191 1111 1224 nunc
1133 1175 1214 1231 est,
1248 1175 1374 1240 quod
1395 1175 1667 1237 significatur
1686 1189 1762 1237 per
1778 1176 1904 1239 quod
1923 1175 2081 1223 ancilla
2105 1191 2196 1223 non
2214 1175 2359 1224 exibit

348 1289 353 1294 ,
391 1240 639 1289 secundum
663 1240 785 1288 exire
809 1240 1056 1290 servorum.
1125 1242 1214 1290 Sed
1240 1241 1486 1297 sciendum,
1525 1240 1650 1303 quod
1686 1240 1745 1286 ita
1769 1239 1811 1286 se
1843 1255 1909 1287 res
1942 1240 2101 1287 habeat
2139 1256 2242 1288 cum
2268 1239 2356 1288 illis

388 1306 473 1369 qui·
500 1321 555 1352 ex
579 1305 794 1368 spirituali
827 1307 994 1368 Regno
1034 1306 1227 1355 Domini
1265 1306 1380 1362 sunt,
1414 1305 1602 1353 viciflim
1635 1303 1806 1361 autem,
1839 1306 2060 1354 cumillis
2082 1307 2240 1369 quiex
2263 1320 2356 1353 coe.-

386 1369 485 1420 lesti
514 1371 713 1432 Regno,
757 1371 803 1417 in
838 1372 926 1419 hoc
959 1371 1059 1420 sunt
1093 1371 1242 1420 mariti
1279 1373 1323 1419 in
1359 1370 1611 1427 affeffione,
1644 1381 1693 1418 at
1736 1384 1897 1419 uxores
1931 1370 1978 1417 in
2015 1370 2356 1435 cognitionibus

392 1436 504 1486 boni
528 1437 578 1484 &
600 1437 712 1492 veri,
746 1434 852 1484 inde
874 1437 995 1501 apud
1019 1437 1099 1486 hos
1120 1437 1389 1499 conjugiale.

459 1504 605 1565 8995.
641 1501 689 1547 Si
714 1502 832 1549 mala
853 1503 900 1549 in
922 1504 1062 1550 oculis
1085 1503 1264 1550 domini
1290 1503 1371 1558 sui,
1422 1501 1550 1565 quod
1583 1501 1802 1564 significet
1825 1501 1857 1548 fi
1880 1499 2064 1550 affectio
2086 1500 2263 1549 veri‘ex
2280 1499 2355 1566 ju-

386 1567 541 1615 cundo
560 1566 745 1614 naturali
770 1582 860 1615 non
883 1569 1121 1616 concordet
1137 1583 1243 1617 cum
1269 1583 1378 1615 vero
1396 1567 1625 1631 spirituali,
1659 1567 1830 1616 constat
1853 1581 1908 1613 ex
1931 1567 2253 1629 significatione
2276 1583 2354 1614 an·-

385 1633 523 1688 cissae,
557 1633 615 1679 de
636 1647 727 1697 qua
748 1633 915 1682 dicitur
947 1634 1073 1698 quod
1097 1634 1148 1683 fit
1181 1634 1310 1691 mala,
1342 1634 1467 1698 quod
1491 1633 1542 1681 fit
1564 1631 1742 1681 affeetio
1758 1631 2030 1695 exjucundo
2055 1631 2259 1687 naturali,
2292 1632 2353 1681 de

386 1714 481 1761 qua
502 1713 561 1745 n:
589 1700 732 1760 8993.
760 1702 916 1763 8994:
953 1701 1003 1747 ὅτ
1020 1715 1078 1747 ex
1103 1699 1427 1763 significatione
1451 1698 1598 1755 malae,
1633 1714 1742 1745 cum
1761 1698 1816 1746 de
1833 1697 2070 1746 affefflone
2088 1699 2164 1746 illa
2181 1697 2355 1760 respec—

388 1765 485 1810 tive
507 1763 563 1810 ad
588 1778 747 1811 verum
773 1763 1012 1827 spirituale,
1046 1766 1174 1830 quod
1197 1766 1251 1812 fit
1273 1781 1365 1813 non
1388 1764 1675 1821 concordare,
1709 1763 1766 1812 de
1787 1779 1876 1826 qua
1900 1763 2136 1827 sequitur;
2175 1777 2231 1810 ex
2264 1763 2351 1827 fig-

387 1828 650 1876 nificatione
672 1829 719 1875 in
741 1829 900 1886 oculis,
935 1831 1061 1895 quod
1096 1831 1150 1878 fit
1167 1830 1211 1877 in
1234 1829 1539 1894 perceptione,
1573 1829 1631 1876 de
1653 1845 1742 1893 qua
1765 1845 1822 1876 n:
1851 1831 1994 1893 2829.
2019 1844 2167 1891 5129.
2202 1831 2353 1885 4082.

387 1909 450 1956 43
460 1910 556 1958 393
592 1894 640 1942 &
675 1909 733 1941 ex
769 1894 1096 1956 significatione
1129 1895 1323 1953 domini,
1359 1895 1484 1957 quod
1521 1894 1573 1942 fit
1606 1910 1764 1942 verum
1801 1891 2037 1957 spirituale,
2073 1894 2131 1941 de
2163 1908 2253 1956 qua
2286 1909 2350 1940 n:

386 1961 483 2021 898
498 1975 540 2008 1.
610 1960 863 2022 Qomodo
883 1976 993 2008 cum
1017 1960 1088 2008 his
1111 1961 1152 2008 se
1177 1961 1329 2018 habet,
1362 1959 1607 2008 dicendum
1631 1959 1695 2007 est
1715 1979 1730 2015 ς
1769 1959 1893 2023 quod
1909 1959 2066 2007 ancilla
2090 1959 2143 2007 fit
2164 1957 2349 2007 affeffio

386 2023 487 2072 veri
509 2038 565 2071 ex
579 2022 791 2087 jucundis
810 2026 978 2075 amoris
1003 2026 1066 2074 sui
1088 2039 1165 2074 aut
1181 2027 1345 2074 amoris
1369 2024 1549 2083 mundi,
1585 2024 1717 2088 supra
1739 2040 1795 2072 n:
1825 2027 1967 2087 8993.
1994 2028 2137 2090 8994,
2171 2022 2355 2072 dietum

387 2088 451 2136 est
471 2109 486 2143 ς
521 2090 571 2137 ὅτ
594 2092 719 2153 quod
742 2106 794 2138 ea
815 2091 995 2139 affectio
1016 2092 1235 2154 conjungi
1259 2093 1391 2157 poffit
1414 2107 1523 2139 vero
1545 2090 1782 2154 spirituali,
1814 2089 2010 2138 constare
2032 2106 2090 2137 ex
2111 2106 2186 2147 eo,
2221 2088 2352 2153 quod
2415 2141 2431 2143 ..

387 2151 572 2201 affedtio
594 2155 687 2202 veri
709 2155 944 2218 spiritualis
965 2158 1019 2204 fit
1042 2157 1221 2205 affectio
1243 2159 1433 2214 interna,
1467 2157 1541 2204 seu
1567 2156 1612 2204 in
1634 2155 1835 2203 interiori
1854 2155 2062 2212 homine,
2098 2167 2144 2202 at
2166 2154 2349 2203 affectio

383 2220 482 2266 veri
505 2234 562 2266 ex
576 2218 780 2282 jucundo
802 2220 992 2270 naturali
1019 2222 1071 2269 fit
1094 2223 1139 2270 in
1162 2235 1350 2271 externo
1368 2222 1556 2270 homine
1575 2242 1590 2276 ;
1624 2221 1805 2269 affectio
1829 2219 2014 2278 interna,
2048 2236 2157 2282 quae
2178 2219 2240 2269 est
2259 2219 2349 2283 spi-

382 2283 557 2332 ritualis
574 2285 792 2343 hominis,
826 2286 1121 2349 conjungitur
1139 2289 1310 2350 Jugiter
1331 2303 1437 2336 cum
1454 2287 1693 2335 affeffione
1717 2299 1898 2334 externa
1920 2301 2027 2349 quae
2047 2285 2113 2332 est
2136 2285 2347 2332 naturalis

385 2349 604 2407 hominis,
639 2349 875 2415 fedusque
898 2354 978 2410 ita,
1014 2364 1067 2400 ut
1082 2352 1263 2403 affeffio
1276 2354 1371 2401 veri
1389 2353 1559 2402 interna
1575 2352 1629 2400 fit
1641 2352 1897 2408 dominans,
1936 2350 2350 2416 &affec‘tio.exter-

387 2430 444 2463 na
467 2416 520 2462 fit
538 2414 757 2471 serviens3
792 2432 898 2465 nam
916 2417 1161 2466 secundum
1185 2418 1389 2468 ordinem
1415 2417 1641 2467 Divinum
1659 2415 1740 2474 est,
1776 2429 1826 2465 ut
1841 2416 2078 2479 spiritualis
2103 2415 2245 2464 homo
2266 2415 2357 2464 do·¹
2382 2423 2385 2427 ’

388 2479 588 2529 minetur
606 2480 737 2546 super
753 2484 1020 2543 naturalem,
1037 2499 1066 2531 n
1089 2499 1099 2530 :
1121 2486 1241 2548 8961
1253 2519 1263 2531 .
1285 2483 1411 2549 8967
1434 2504 1449 2539 ;
1474 2485 1522 2532 ὅτ
1539 2499 1644 2531 cum
1663 2482 1900 2547 spiritualis
1916 2481 2059 2530 homo
2072 2481 2350 2539 dominatur,

387 2557 496 2592 tunc
514 2545 680 2609 spectat
703 2546 846 2595 homo
869 2548 1057 2606 sursum,
1090 2547 1179 2597 hoc
1210 2549 1546 2613 repraesentatur
1583 2565 1663 2612 per
1695 2549 1856 2596 habere
1894 2547 2030 2610 cap'ut
2062 2547 2109 2594 in
2132 2546 2267 2603 coelo,
2301 2557 2351 2600 at
2400 2549 2403 2552 ’

387 2624 495 2657 cum
519 2610 728 2659 naturalis
750 2612 893 2661 horno
916 2614 1201 2675 dominatur,
1229 2628 1335 2662 tunc
1354 2615 1521 2677 spectat
1542 2614 1687 2663 homo
1708 2613 1931 2667 deorsum,
1972 2612 2097 2676 quod
2117 2611 2352 2676 sepraesen-

388 2686 506 2722 tatur
522 2691 599 2738 per
618 2677 780 2724 habere
809 2692 942 2741 caput
977 2680 1023 2725 in
1057 2678 1265 2736 inferno;
1301 2692 1352 2728 ut
1375 2680 1644 2727 luculentius
1661 2679 1748 2727 hoc
1771 2690 1938 2741 pateat,
1975 2676 2161 2727 ulterius
2194 2678 2347 2724 dicen-

385 2739 502 2787 dum
525 2739 586 2788 est
607 2759 624 2796 ς
660 2741 862 2804 plerique
887 2743 1091 2793 homines
1116 2760 1195 2806 per
1216 2760 1322 2792 vera
1343 2760 1452 2809 quae
1472 2745 1665 2800 discunt,
1698 2746 1748 2793 δε
1773 2745 1888 2791 bona
1912 2759 2018 2807 quae
2036 2754 2190 2807 agunt,
2208 2739 2347 2789 etia'm

387 2804 593 2868 cogitant
614 2805 669 2852 de
692 2805 818 2854 lucro
841 2808 947 2855 inde
968 2808 1013 2855 in
1039 2809 1193 2872 patria,
1227 2823 1303 2857 aut
1325 2811 1382 2856 de
1402 2809 1604 2863 honore;
1640 2808 1711 2856 sed
1732 2810 1763 2857 fi
1781 2808 1879 2857 haec
1899 2811 1980 2871 pro
2003 2809 2093 2858 fine
2114 2807 2348 2863 habentur,

386 2882 497 2917 tunc
529 2872 732 2917 naturalis
756 2871 900 2920 homo
932 2873 1208 2932 dominatur,
1245 2876 1295 2922 ὅτ
1326 2874 1561 2938 spiritualis
1595 2874 1763 2929 servit;
1800 2876 1829 2922 fi
1853 2886 2001 2921 autem
2028 2887 2115 2921 non
2148 2887 2230 2933 pro
2254 2872 2348 2920 fine

386 2933 620 2992 habentur,
657 2934 727 2982 sed
753 2935 895 2986 solum
920 2954 1005 3001 pro
1028 2941 1189 2989 mediis
1211 2940 1266 2987 ad
1301 2941 1458 2997 finem,
1492 2952 1601 2987 tunc
1636 2939 1867 3002 spiritualis
1901 2939 2041 2986 bomo
2070 2936 2346 2993 dominatur,-

388 2999 438 3045 &
470 3000 674 3046 naturalis
703 2999 853 3058 servit,
892 3004 1070 3066 prorsus
1101 3005 1345 3053 secundum
1380 3006 1455 3053 illa
1483 3020 1589 3066 quae
1619 3021 1674 3051 n:
1714 3006 1856 3068 7819„
1884 3006 2027 3064 7820,
2061 3001 2180 3047 dieta
2204 3004 2304 3048 sunt
2325 3021 2344 3057 3

385 3078 489 3110 nam
512 3080 618 3113 cum
642 3064 863 3128 spectatur
886 3069 1055 3117 lucrum
1080 3084 1156 3117 aut
1180 3072 1330 3118 honor
1352 3083 1401 3118 ut
1421 3070 1625 3118 medium
1650 3068 1707 3117 ad
1731 3069 1885 3129 finem,
1921 3067 1971 3115 &
2005 3081 2096 3114 non
2130 3075 2185 3113 ut
2219 3066 2342 3126 finis,

383 3138 493 3196 tunc
515 3145 607 3181 non
628 3130 846 3201 spestatur
866 3132 1039 3185 lucrum
1075 3135 1154 3186 seu
1178 3135 1346 3196 honor,
1380 3136 1456 3187 sed
1475 3135 1595 3196 finis,
1630 3133 1710 3202 qui
1731 3132 1945 3204 eli''usus3
1977 3131 2091 3199 ficut
2121 3131 2200 3200 qui
2223 3132 2346 3208 diyi-

2254 3209 2340 3248 1138
2409 3241 2414 3246 .
