2722 3684
366 213 499 278 244
797 189 877 255 E
1015 187 1098 256 X
1226 189 1286 256 0
1425 190 1515 264 D
1637 185 1722 257 U
1845 186 1913 252 S.

336 324 338 326 ’
438 311 583 377 8996.
620 308 694 357 Ut
712 323 805 358 non
827 310 1063 377 desponset
1085 310 1224 371 illam,
1258 310 1385 377 quod
1410 312 1633 377 significet
1656 323 1709 359 ut
1740 309 1958 374 conjungi
1985 310 2195 375 nequeat,
2226 313 2340 362 con⁵

373 374 459 427 stat
481 393 540 425 ex
563 375 884 440 fignificatione
917 377 1190 441 desponsari,
1223 377 1350 443 quod
1384 377 1439 426 sit
1469 376 1685 443 conjungi
1701 391 1721 431 ·;
1756 382 1871 423 ⁴na'm
1895 379 1978 441 qui
2001 375 2342 441 desponsantur,

376 444 445 492 illi
469 442 818 507 conjunguntur.
886 445 972 491 Per
993 444 1249 506 desponsari
1278 444 1326 491 in
1361 442 1487 491 sensu
1523 445 1699 492 interno
1726 443 1907 505 proprie
1931 441 2207 506 significatur
2231 459 2344 492 con·-
2421 503 2423 505 Ι

372 510 603 557 venientia
625 509 884 557 animorum
910 509 983 556 seu
1009 509 1253 566 ruentium,
1287 524 1397 572 quae
1419 509 1633 573 praecedit
1654 506 2022 570 conjunctionem
2059 525 2163 573 quae
2185 508 2346 574 conju-

376 577 443 638 gii
465 596 480 630 ;
503 577 568 624 ’δε
591 575 698 639 quia
720 575 1033 622 convenientia
1059 574 1105 620 in
1130 574 1346 638 spirituali
1381 575 1558 622 mundo
1583 571 1854 637 conjungit,
1877 573 1928 623 δε
1962 573 2348 625 disconvenientia

375 640 613 705 disjungit,
649 640 750 688 ideo
773 655 852 703 per
872 638 1125 702 desponsari
1149 639 1223 688 hic
1246 639 1523 701 significat-ur
1545 639 1775 702 conjungi.
2342 678 2344 681 f

445 709 587 770 8997.
625 705 689 752 Et
707 706 971 762 redimatur,
1005 703 1133 768 quod
1157 706 1378 770 significet
1397 706 1776 754 abalienationem
1800 703 1856 751 ab
1888 699 1975 751 illis
2006 705 2140 762 veris,
2175 706 2348 756 constat

378 787 437 819 ex
457 770 777 832 significatione
800 770 961 818 redimi
985 771 1043 818 ab
1060 770 1139 818 illo
1155 772 1233 834 qui
1252 771 1480 829 vendidit,
1511 772 1586 818 vel
1607 771 1664 818 ab
1685 770 1809 825 alio,
1830 771 1892 816 ita
1916 769 2051 816 vendi
2076 787 2103 818 a
2120 772 2349 830 Domino,

377 840 503 899 quod
521 836 853 884 sitabelienatio
876 838 933 884 ab
957 835 1036 882 illo
1058 851 1167 884 vero
1190 836 1426 900 spirituali;
1449 837 1575 900 quod
1599 836 1737 884 vendi
1758 834 1808 882 sit
1829 834 2114 891 abalienatio,
2149 836 2352 886 videatur.

378 918 441 948 ηε
477 906 621 968 4098.
657 916 805 966 4752.
845 905 989 967 4758.
1028 903 1177 964 5886,
1209 905 1260 951 &
1295 902 1421 968 quod
1457 902 1688 952 Dominus
1722 900 1776 948 fit
1807 915 1968 948 verum
2002 901 2248 966 spirituale,
2282 918 2347 949 ne

376 970 406 1018 8
446 970 523 1017 81.
550 971 576 1015 8
683 1004 692 1014 .
2039 1009 2044 1012 .

406 983 810 1097 98998.99l?opulo
829 1032 1096 1096 alienigenae
1129 1048 1220 1080 non
1257 1031 1524 1096 potestatem
1562 1032 1746 1080 habebit
1778 1030 2009 1079 vendendi
2044 1030 2187 1090 illam,
2220 1031 2350 1097 quod

378 1099 599 1160 significet
622 1115 713 1146 non
737 1098 824 1147 illis
845 1098 925 1161 qui
951 1114 1041 1146 non
1066 1114 1124 1146 ex
1161 1098 1250 1146 fide
1275 1098 1504 1155 Ecclesiae,
1538 1099 1710 1148 constat
1741 1113 1797 1144 ex
1830 1097 2157 1159 significatione
2189 1098 2347 1146 alieni·

305 1178 311 1184 ⁸
375 1180 528 1227 genae,
564 1165 689 1229 quod
714 1163 764 1212 sit
785 1166 867 1228 qui
889 1176 1012 1212 extra
1036 1163 1301 1221 Ecclesiam,
1338 1164 1397 1212 ita
1419 1165 1498 1229 qui
1523 1181 1613 1213 non
1631 1179 1686 1212 ex
1709 1164 1800 1211 fide
1818 1162 2049 1219 Ecclefiae,
2083 1163 2143 1211 de
2165 1180 2257 1228 qua
2275 1180 2308 1212 n
2330 1181 2343 1211 ε

382 1245 527 1292 2049.
554 1245 696 1290 2115.
723 1231 850 1295 7996
871 1250 886 1284 ;
939 1230 988 1277 &
1014 1245 1071 1277 ex
1090 1229 1414 1291 significatione
1430 1230 1640 1286 vendere,
1674 1229 1798 1293 quod
1814 1228 1872 1276 «sit
1886 1228 2150 1286 abalienare,
2183 1229 2240 1276 de
2257 1246 2350 1294 qua

379 1310 502 1343 nunc
527 1296 653 1360 supra
677 1311 736 1342 n:
764 1301 906 1359 8997.
973 1294 1098 1342 Cum
1122 1294 1192 1342 his
1215 1294 1278 1348 ita
1300 1297 1339 1343 se
1365 1295 1497 1343 habet
1518 1316 1532 1348 ς
1585 1296 1665 1358 qui
1691 1294 1780 1343 nati
1804 1293 1907 1341 sunt
1931 1294 2045 1340 intra
2071 1294 2352 1367 Ecclesiam.

381 1359 721 1425 &assinfantia
742 1362 1005 1408 imbuerunt
1028 1360 1249 1424 principia
1268 1360 1363 1408 veri
1387 1358 1619 1418 Eccleliae,
1655 1375 1747 1407 non
1771 1358 1981 1423 conjugia
2001 1359 2162 1407 sociare
2179 1360 2349 1410 debent:

379 1441 486 1474 cum
513 1427 597 1475 illis
613 1427 693 1491 qui
711 1439 834 1473 extra
857 1425 1125 1483 Ecclesiam,
1158 1427 1209 1474 &
1232 1426 1290 1475 sic
1313 1427 1575 1475 imbuerunt
1598 1426 1704 1474 talia
1735 1439 1842 1490 quae
1866 1440 1956 1472 non
1981 1423 2193 1473 Ecclesiae
2210 1425 2310 1474 sunt
2328 1448 2348 1482 ς

379 1493 502 1539 causa
527 1492 606 1549 est,
642 1492 747 1556 quia
782 1492 903 1539 nulla
933 1491 1204 1556 conjunCtio
1226 1493 1288 1540 est
1320 1494 1436 1540 inter
1470 1492 1570 1542 illos
1604 1491 1649 1539 in
1674 1490 1891 1556 spirituali
1925 1490 2119 1547 mundo,
2157 1491 2350 1556 quisque

377 1559 501 1605 enim
543 1558 589 1604 in
623 1574 678 1606 eo
714 1558 888 1605 mundo
914 1558 1197 1606 'consociatur
1232 1557 1479 1606 secundum
1515 1560 1690 1606 bonum
1715 1558 1765 1605 δε
1788 1557 1894 1604 inde
1914 1571 2111 1615 verum3
2146 1558 2197 1605 ὅτ
2231 1559 2340 1622 quia

379 1623 500 1670 nulla
526 1623 637 1672 inter
661 1623 769 1670 tales
791 1621 1055 1686 conjumftio
1070 1623 1139 1670 -est
1158 1625 1209 1671 in
1234 1622 1450 1687 spirituali
1486 1623 1681 1680 mundo,
1715 1638 1796 1670 nec
1818 1622 1913 1670 ulla
1933 1621 2194 1684 conjunffio
2214 1623 2348 1674 debet

378 1689 467 1735 effe
491 1689 536 1735 in
563 1702 710 1743 terra;
745 1702 849 1736 nam
884 1687 1097 1752 conjugia
1133 1689 1176 1736 in
1213 1688 1253 1736 se
1287 1689 1480 1752 spectata
1514 1689 1616 1736 sunt
1642 1687 1989 1751 -conjuneiiones
2010 1690 2266 1737 animorum
2294 1691 2344 1738 δε

379 1756 623 1811 mentium,
659 1770 854 1817 quarum
877 1755 973 1802 vita
997 1753 1233 1818 spiritualis
1255 1755 1319 1802 est
1355 1770 1413 1801 ex
1446 1755 1562 1813 veris
1590 1756 1644 1803 δε
1679 1754 1808 1802 bonis
1841 1752 1948 1801 fidei
1982 1768 2032 1800 ac
2062 1753 2304 1803 *Charitatis
2324 1775 2351 1810 3-

380 1819 547 1867 idcirco
569 1821 707 1867 etiam
743 1820 788 1866 in
811 1820 935 1867 coelo
959 1835 1043 1883 pro
1070 1818 1273 1867 nefandis
1297 1820 1518 1868 habentur
1539 1818 1750 1883 conjugia
1773 1820 1818 1867 in
1842 1831 1956 1866 terra
1974 1818 2096 1866 inter
2121 1820 2225 1867 illos
2259 1821 2338 1885 qui

379 1884 569 1932 diversae
592 1885 819 1947 religionis
843 1885 971 1940 sunt3
1005 1886 1056 1933 ὅτ
1092 1884 1236 1948 magis
1272 1885 1390 1933 inter
1426 1886 1524 1934 illos
1559 1888 1641 1950 qui
1675 1885 1733 1932 ab
1767 1884 1963 1932 Ecclesia
1995 1900 2104 1933 oum
2138 1884 2224 1932 illis
2257 1887 2350 1950 qui*

377 1963 504 1999 extra
532 1951 774 1998 Ecclesiam
800 1972 814 2006 3
850 1951 947 1999 haec
969 1966 1152 2016 quoque
1174 1950 1299 1999 cau-sa
1323 1950 1427 2009 fuit,
1463 1953 1587 2015 quod
1611 1950 1896 2015 prohibitum
1931 1949 2066 1997 fuerit
2099 1953 2223 2013 genti
2249 1953 2340 2014 Ju-

376 2015 519 2064 daicae
541 2018 591 2064 &
614 2016 867 2064 Israeliticae
890 2017 1179 2064 matrimonia
1201 2017 1460 2065 contrahere
1483 2033 1591 2065 cum
1616 2017 1842 2079 gemibuS,
1877 2015 2005 2064 Deut
2024 2032 2035 2062 ε
2055 2031 2128 2062 v11
2152 2033 2165 2063 ε
2201 2035 2248 2081 3.
2281 2034 2337 2076 4,

378 2082 430 2128 ὅτ
450 2088 575 2145 quod
596 2081 728 2130 suerit
752 2081 929 2146 prorsus
953 2082 1195 2130 nefandum
1217 2097 1322 2130 cum
1347 2098 1456 2130 cum
1476 2083 1568 2130 ill-is
1590 2082 1787 2139 scortari,
1823 2081 1954 2129 Num
1971 2098 1987 2128 t
2007 2095 2107 2128 xxv
2127 2098 2138 2128 t
2169 2098 2188 2128 1
2212 2083 2265 2130 ad
2292 2101 2340 2147 9.

379 2146 492 2194 Hoc
516 2159 638 2209 patet
657 2146 801 2195 adhuc
822 2148 1076 2195 evidentius
1094 2149 1156 2195 ab
1178 2149 1353 2211 origine
1370 2148 1541 2197 amoris
1561 2147 1843 2211 conjugialis,
1876 2146 2006 2210 quod
2027 2148 2083 2195 stt
2104 2156 2161 2195 eat.
2183 2148 2341 2212 conju-

380 2212 462 2275 gio
486 2211 592 2260 boni
616 2214 665 2260 δε
689 2214 800 2269 veri,
835 2229 894 2262 nt
920 2228 1048 2277 2727
1074 2213 1129 2259 ad
1157 2227 1305 2276 2759,
1340 2229 1471 2263 amor
1489 2213 1750 2278 conjugialis
1766 2228 1872 2261 cum
1897 2211 2000 2259 inde
2014 2212 2258 2269 descendit,
2276 2214 2345 2262 est*

371 2277 533 2392 {1¹2stssss
539 2278 736 2392 diffisi}
747 2277 1195 2392 ²ii¹a¹ss⁰minne5÷³isscnff
1198 2278 1647 2408 effluffissciua‘i'cilff
1652 2278 2339 2393 erissrszssfflzffffssjssffi·

373 2426 436 2460 ex
453 2409 537 2458 illis
560 2411 640 2473 qui
659 2411 714 2459 ab
735 2409 948 2468 Ecclesia,
967 2426 1064 2459 non
1088 2408 1326 2458 vendenda
1344 2411 1449 2458 esset
1462 2411 1644 2474 populo
1659 2405 1938 2472 alienigenae,
1955 2407 2043 2456 hoc
2060 2408 2141 2466 est,
2156 2408 2244 2457 illis
2261 2410 2342 2475 qui

377 2489 505 2524 extra
528 2475 773 2524 Ecclesiam
798 2475 916 2534 sunt,
953 2492 1058 2524 narn
1084 2474 1130 2522 hi
1155 2475 1259 2522 dein
1284 2475 1596 2538 desponsarent
1620 2476 1781 2534 illam,
1806 2477 1891 2523 hoc
1911 2473 1993 2530 est,
2009 2519 2011 2522 ,
2027 2474 2065 2520 ei
2091 2474 2340 2540 conjunge-

378 2556 545 2654 rgnstur,
580 2542 705 2652 {dfic
721 2542 1048 2604 prophanarent
1070 2541 1144 2589 illa
1163 2556 1270 2605 quae
1294 2541 1509 2589 Ecc-lesiae
1531 2541 1647 2601 sunt,
1682 2553 1955 2607 quapropter
1978 2539 2162 2599 dicitur,
2208 2541 2338 2606 quod

377 2623 394 2653 1
460 2618 496 2652 1t
547 2622 589 2651 er
661 2624 684 2654 e
706 2622 728 2653 a
766 2622 854 2655 ere.

449 2621 590 2733 8959.
627 2622 800 2719 Ρετίὶῇε
822 2670 998 2737 agendo
1023 2670 1102 2719 nlo
1130 2671 1183 2719 ‘in
1223 2686 1342 2729 eam,
1371 2672 1505 2736 quod
1531 2672 1747 2736 signis-icet
1771 2672 1815 2720 id
1841 2685 1998 2722 contra
2020 2672 2142 2734 leges
2165 2672 2338 2720 ordin-is

379 2737 566 2797 Divini,
603 2737 772 2785 constat
793 2754 851 2785 ex
870 2736 1192 2799 significatione
1210 2738 1384 2802 perfide
1406 2753 1552 2799 agere,
1586 2738 1712 2802 quod
1746 2739 1801 2786 fit
1834 2751 1987 2802 contra
2003 2739 2177 2786 Verum
2193 2738 2338 2786 ‘Divi-

377 2819 511 2861 num‚
547 2801 617 2849 seu
637 2803 760 2866 quod
784 2803 906 2850 idem
929 2801 1008 2859 est,
1042 2815 1196 2851 contra
1219 2800 1340 2867 leges
1357 2804 1528 2850 ordinis
1543 2803 1704 2851 Divini
1729 2824 1743 2858 ;
1778 2804 1905 2868 quod
1922 2805 1967 2852 id
1983 2817 2210 2868 peragere
2234 2818 2336 2864 per-

377 2870 490 2927 fide,
525 2868 816 2929 significetur,
853 2880 973 2932 patet
1005 2884 1064 2916 ex
1087 2869 1169 2915 illis
1203 2885 1310 2932 quae
1333 2868 1612 2934 nuncsupra
1634 2885 1697 2918 n:
1725 2873 1871 2933 8998,
1905 2871 2034 2917 allata
2056 2869 2168 2916 sunt.
2240 2867 2334 2914 Le-

368 2950 454 2998 ges
472 2934 639 2981 ordinis
659 2935 821 2981 Divini
845 2935 946 2982 sunt
967 2949 1072 2981 vera
1096 2934 1142 2982 in
1165 2936 1302 2990 coelo,
1337 2945 1440 2985 nam
1467 2935 1661 2983 Divinus
1683 2936 1800 2983 ordo
1830 2934 1894 2983 est
1916 2951 1973 2982 ex
1993 2933 2179 2981 ‘Divino
2202 2934 2331 2980 Vero

374 3000 502 3063 quod
526 3000 726 3063 procedit
747 3016 773 3046 a
795 2999 1023 3056 Domino,
1058 3018 1120 3049 n:
1149 3006 1289 3062 8700.
1332 3003 1474 3062 8988.
1543 3001 1724 3049 Perside
1745 3016 1876 3064 agere
1913 3000 1978 3046 est
2016 2998 2206 3045 solennis
2240 2997 2334 3045 for·

367 3066 497 3112 mula
520 3066 564 3111 in
588 3065 758 3122 Verbo,
795 3065 1042 3126 significans
1066 3067 1109 3114 in
1130 3066 1258 3114 sensu
1283 3066 1459 3116 interno
1482 3080 1613 3127 agere
1635 3080 1787 3114 contra
1810 3079 1970 3113 verum
1989 3064 2055 3111 ⁷&
2086 3064 2258 3111 bonum
2285 3064 2333 3111 in

359 3130 506 3191 coelo,
539 3130 614 3181 seu
646 3131 774 3198 quod
802 3131 947 3190 idern,
978 3144 1132 3200 contra
1165 3132 1380 3183 ordinem
1423 3132 1670 3193 Divinum,
1705 3146 1754 3183 ut
1775 3129 1926 3198 *Esaia
1958 3145 2041 3178 -112
2070 3144 2128 3179 ·2.
2190 3129 2289 3192 Cap
2314 3146 2329 3175 :

2125 3210 2291 3245 xxxm
2309 3210 2327 3241 2
