2684 3672
375 231 457 300 32
749 169 1801 283 ἰε-Χουθᾶ.

371 344 565 392 tentorio
590 344 669 392 suo
691 344 935 407 acciperet3
970 340 1270 407 unusquisque
1294 342 1341 389 in
1364 340 1569 390 societate
1591 343 1638 396 in
1660 342 1782 390 coelo
1805 338 2114 392 communicat
2135 342 2265 391 suum
2289 343 2371 392 bo-

377 427 491 459 num
522 427 631 459 cum
654 412 866 459 omnibus
889 410 968 475 qui
993 411 1038 457 in
1062 409 1282 465 societate,
1317 410 1366 456 ὅτ
1389 424 1548 456 ornnes
1570 409 1637 456 ibi
1661 410 2003 457 communicant
2026 425 2133 457 cum
2157 426 2368 474 unoquo-

377 479 465 534 vis,
499 477 611 525 inde'
638 476 786 525 existit
821 476 997 524 bonum
1035 476 1247 523 omnium
1288 475 1336 521 in
1373 476 1629 532 communi,
1665 474 1750 522 hoc
1782 474 1863 531 est,
1898 490 2144 524 commune
2166 476 2371 531 bonum;

378 545 465 591 hoc
491 543 662 592 bonurn
684 543 1047 590 communicatur
1070 556 1178 588 cum
1202 542 1441 588 communi
1465 539 1587 589 bono
1619 540 1807 588 aliarum
1839 539 2117 599 societatum,
2152 542 2256 590 inde
2279 543 2373 589 exi-

380 610 454 657 stit
491 610 664 657 bonum
702 609 851 656 adhuc
881 607 1188 663 communiuS,
1225 604 1275 654 ’ὅτ
1297 606 1482 655 tandem
1506 607 1959 655 communiffimum:
1996 608 2094 656 talis
2113 610 2373 655 communi·

381 676 500 738 catio
522 675 585 722 est
609 677 655 722 in
676 674 816 730 coelo,
850 673 902 721 &
925 673 1027 720 inde
1048 671 1112 720 est
1134 672 1261 736 quod
1283 688 1430 719 unum
1461 673 1563 730 fiat,
1599 673 1777 736 prorsus
1807 672 1921 721 ficut
1949 689 2133 737 organa,
2170 675 2374 723 membra
2443 695 2453 700 ·

381 741 432 789 δὲ
457 741 622 788 viscera
654 742 700 787 in
730 739 1072 802 homine,-quae
1094 738 1269 786 tametfi
1290 741 1415 785 varia
1439 755 1490 786 ac
1522 738 1748 793 disfimilia
1776 739 1893 795 sunt,
1930 738 2068 802 usque
2102 753 2254 798 tamen
2294 754 2373 803 per

382 808 490 856 tales
515 806 950 854 communicationes
974 820 1120 852 unum
1142 803 1320 852 sistunt:
1346 803 1446 852 talis
1458 806 1818 853 communicatio
1841 805 2063 853 bonorum
2087 805 2220 852 datur
2243 807 2374 853 unice

380 889 461 937 per
482 888 700 929 amorem,
735 887 841 934 quae
875 870 939 918 est
974 868 1236 934 conjunffio
1268 869 1536 934 spiritualis3
1572 870 1815 921 universale
1846 870 2046 919 formans
2077 887 2130 919 ac
2162 870 2372 920 ordinans

381 941 536 988 omnia
556 940 605 987 &
629 938 820 1001 singula,
854 936 919 984 est
941 938 1169 985 Divinum
1192 937 1374 984 Bonum
1397 938 1559 984 Divini
1581 938 1748 985 amoris
1770 953 1796 984 a
1818 938 2037 985 Domino.

449 1003 591 1069 847'1.
626 1004 691 1052 Et
713 1001 914 1051 fecerunt
937 1004 997 1052 ita
1017 1003 1100 1050 filii
1120 1001 1301 1065 Istaelis‚
1335 1003 1465 1066 quod
1486 1002 1709 1066 significet
1729 1002 1974 1061 effefflzum,
1997 1001 2170 1052 constat
2208 1001 2371 1068 absque

382 1087 438 1118 ex
473 1071 695 1119 licatione.
872 1108 874 1110 .
1119 1098 1122 1099 ν

440 1088 593 1202 I8472.
628 1136 692 1184 Et
715 1135 993 1199 collegerunt
1016 1135 1224 1200 redigens
1246 1134 1304 1182 ad
1326 1133 1616 1183 numerosum
1640 1135 1687 1182 &
1712 1134 1769 1182 ad
1790 1150 2008 1199 paucum,
2040 1134 2170 1198 quod
2203 1134 2371 1199 signifi-

381 1216 453 1252 cet
477 1204 781 1266 receptionem
815 1201 1061 1249 secundum
1094 1202 1343 1265 potentiam
1375 1200 1571 1264 cujusvis
1609 1199 1842 1257 societatis,
1876 1200 2049 1249 constat
2069 1216 2129 1249 ex
2149 1200 2371 1265 fignifica-

378 1272 505 1319 tione
526 1269 753 1331 colligere,
786 1267 914 1331 quod
937 1267 991 1315 fit
1013 1269 1223 1331 recipere,
1260 1278 1311 1314 ut
1334 1265 1464 1329 supra
1487 1283 1548 1314 nt
1578 1265 1737 1331 8467;
1772 1267 1823 1315 ὃν,
1846 1282 1905 1313 ex
1937 1266 2261 1329 significatione
2301 1284 2369 1316 re·

379 1338 541 1400 digeris
564 1336 620 1382 ad
645 1333 935 1382 numerosum
955 1335 1006 1381 δε
1030 1333 1087 1380 ad
1111 1347 1332 1396 paucum,
1366 1332 1498 1397 quod
1526 1332 1581 1380 fit
1613 1330 1861 1380 secundum
1892 1333 2142 1395 potentiam
2175 1331 2372 1396 cujusvis

378 1403 606 1450 societatis.
678 1400 936 1464 Qomodo
960 1399 1058 1446 haec
1082 1397 1123 1446 se
1145 1397 1325 1455 habent,
1360 1398 1675 1447 evolvendum
1694 1397 1758 1445 est
1779 1414 1836 1446 ex
1860 1397 1947 1446 illis
1980 1413 2087 1461 quae
2108 1398 2303 1447 existunt
2325 1401 2371 1447 in

377 1469 658 1516 societatibus
679 1467 723 1513 in
747 1465 885 1522 coe10,
922 1480 1026 1512 nam
1052 1479 1214 1512 manna
1234 1464 1298 1511 est
1319 1463 1446 1512 cibus
1469 1463 1679 1523 coelestis,
1713 1465 1764 1512 &
1797 1464 1925 1512 cibus
1960 1462 2154 1511 coelestis
2192 1464 2257 1512 est
2290 1465 2372 1515 bo.

377 1551 491 1583 num
514 1535 563 1581 &
587 1548 764 1587 verum,
802 1547 851 1578 ac
876 1532 1050 1578 bonum
1074 1532 1124 1579 δι’
1147 1545 1308 1578 verum
1332 1531 1379 1577 in
1400 1531 1524 1577 coelo
1545 1529 1610 1578 est
1630 1530 1878 1588 Dominus,
1913 1531 2019 1593 quia
2057 1528 2114 1577 ab
2140 1530 2246 1594 Ipso
2265 1548 2290 1579 :.
2312 1548 2372 1580 ex

375 1602 443 1649 his
467 1597 846 1665 constare5potest,
881 1597 1009 1661 quod
1032 1597 1148 1653 haec,
1183 1610 1290 1659 quae
1310 1595 1368 1645 de
1393 1612 1556 1644 manna
1577 1596 1742 1644 statuta
1762 1595 1882 1653 sunt,
1916 1595 2002 1643 fint
2040 1596 2145 1644 talia
2181 1612 2290 1661 quae
2321 1598 2370 1646 in

374 1668 506 1715 dictis
530 1665 809 1713 societatibus
831 1663 1052 1711 existunt:
1087 1677 1199 1710 cum
1231 1661 1303 1709 his
1334 1664 1400 1711 'ita
1431 1661 1474 1711 se
1506 1661 1668 1719 habet·,
1703 1663 1930 1710 Divinum
1954 1663 2156 1719 Bonum,
2191 1663 2319 1727 quod
2341 1681 2369 1712 a
2412 1708 2416 1712 .

373 1735 582 1782 Domino
603 1731 823 1794 procedit,
859 1731 1225 1778 communicatur
1241 1743 1349 1776 cum
1366 1728 1580 1777 omnibus
1603 1729 1650 1776 in
1672 1728 1794 1776 coelo
1813 1726 2117 1776 universaliter
2140 1729 2191 1776 δε
2213 1729 2367 1794 singu-

375 1801 535 1855 lariter,
573 1797 646 1845 sed
673 1797 820 1843 ubivis
841 1795 1088 1843 secundum
1109 1796 1360 1859 potentiam
1387 1794 1631 1858 recipiendi
1651 1817 1676 1851 ς.
1701 1793 1802 1843 sunt
1822 1795 1946 1843 enim
1967 1796 2050 1858 qui
2071 1809 2233 1858 parum
2257 1796 2369 1858 reciq-

372 1868 523 1931 pium,
560 1865 609 1911 &
634 1862 735 1910 sunt
756 1862 835 1925 qui
860 1862 1095 1923 multum3
1130 1861 1211 1923 qui
1232 1876 1394 1926 parum
1419 1861 1657 1926 recipiunt,
1694 1859 1797 1909 sunt
1832 1862 1881 1908 in
1919 1860 2123 1909 terminis
2161 1861 2286 1920 coeli,
2321 1874 2368 1911 at

372 1934 455 1996 qui
477 1930 696 1986 multum,
732 1928 833 1976 sunt
865 1931 912 1976 in
945 1928 1231 1976 interioribus
1263 1927 1326 1974 ibi
1346 1926 1374 1976 ε’
1393 1925 1583 1991 quisque
1614 1927 1677 1975 ibi
1714 1927 1761 1974 in
1791 1927 2000 1991 potentia
2027 1927 2271 1990 recipiendi
2302 1927 2368 1976 est

372 1997 622 2046 secundum
645 1995 776 2059 quale
800 1995 850 2042 &
872 2006 1095 2058 quantum
1119 1994 1230 2041 boni
1252 1995 1299 2042 in
1322 1993 1724 2058 mundo'acquisiti
1744 2011 1755 2041 ε
1790 1994 2007 2058 potentiae
2028 1991 2277 2042 differentia
2305 1994 2370 2043 est

373 2080 480 2130 quae
502 2062 776 2127 significatur
796 2076 876 2124 per
899 2059 1192 2108 numerosum
1217 2060 1269 2109 ὅτ
1290 2075 1505 2124 paucum.

442 2136 599 2194 8473.·
620 2128 687 2177 Et
720 2126 859 2175 mensi
889 2125 992 2174 sunt
1021 2141 1192 2185 omere,
1226 2126 1353 2190 quod
1386 2125 1607 2189 significet
1644 2125 1910 2190 receptionis
1948 2123 2057 2173 boni
2094 2127 2364 2190 potentiam,

371 2196 542 2247 constat
563 2210 621 2243 ex
643 2192 964 2257 fignificatione
985 2193 1167 2251 omeriS‚
1202 2191 1329 2256 quod
1346 2191 1399 2240 sit
1414 2203 1640 2256 quantum
1655 2190 1772 2249 satiS,
1797 2191 1855 2240 de
1875 2206 1965 2256 qua
1987 2189 2118 2256 supra
2139 2209 2194 2242 n:
2218 2194 2364 2254 8468,

370 2260 433 2313 it'a
455 2276 639 2327 quoque
660 2261 874 2324 potentia.
1218 2290 1221 2294 -

440 2335 583 2394 8474.
618 2327 683 2375 Et
706 2342 798 2374 non
819 2324 1094 2390 superfluum
1117 2323 1226 2373 fecit
1257 2323 1512 2382 numeroso,
1545 2324 1597 2373 &
1618 2339 1767 2388 pauco
1793 2339 1886 2374 non
1918 2319 2083 2381 defuit,
2111 2323 2241 2388 quod
2273 2323 2367 2389 sig-A

370 2396 522 2445 nificet
552 2390 826 2459 quodjusta
855 2392 960 2440 effet
996 2392 1107 2439 tatio
1131 2392 1297 2455 cuique
1319 2392 1365 2438 in
1390 2390 1645 2455 particulari
1668 2391 1720 2438 δι’
1742 2390 1788 2438 in
1817 2390 2072 2446 communi,
2107 2389 2282 2440 constat
2302 2406 2362 2440 ex

369 2456 692 2526 significatione
715 2474 807 2506 non
829 2456 1107 2522 superfluum
1129 2455 1288 2514 facere,
1323 2459 1372 2506 ὃν,
1394 2471 1578 2522 quoque
1596 2472 1702 2504 ‘non
1737 2455 1893 2513 decffe,
1930 2454 2055 2519 quod
2078 2454 2133 2504 fit
2149 2455 2268 2520 justa
2290 2473 2362 2506 ra-

370 2530 493 2576 tione
514 2528 614 2582 uti·,
648 2526 699 2574 &
721 2541 780 2573 ex
799 2523 1123 2588 significatione
1144 2523 1369 2571 numerosi
1392 2527 1442 2573 δι
1464 2523 1613 2587 pauci,
1636 2522 1765 2586 quod
1785 2521 1839 2569 fit
1861 2521 2110 2570 differentia
2131 2525 2364 2586 potentiae,

369 2596 428 2643 de
447 2610 536 2658 qua
559 2593 689 2656 supra
709 2608 771 2639 n:
798 2596 923 2654 8472
950 2591 1015 2638 fin
1035 2608 1046 2639 :
1082 2589 1155 2639 hic
1187 2589 1436 2638 secundum
1469 2589 1721 2654 potentiam
1744 2586 1942 2651 cujusvis
1966 2588 2012 2634 in
2035 2588 2290 2652 particulari
2313 2592 2363 2640 δι’

374 2675 626 2711 communi.

440 2732 532 2787 847
539 2742 583 2789 5.
621 2723 828 2786 Qisque
849 2721 906 2771 ad
928 2737 980 2770 os
1002 2721 1131 2769 edere
1154 2720 1221 2768 sui
1241 2721 1540 2783 collegerunt,
1574 2719 1702 2784 quod
1725 2719 1948 2784 significet
1969 2720 2271 2784 receptionem
2295 2718 2360 2770 se-

367 2793 574 2850 cundum
591 2788 786 2852 cujusvis
806 2786 1085 2845 facultatem,
1111 2786 1283 2835 constat
1296 2803 1354 2835 ex
1375 2787 1462 2833 illis
1485 2786 1616 2850 supra
1638 2803 1695 2834 n:
1723 2788 1869 2851 8467,
1905 2784 1984 2833 ubi
2006 2786 2163 2834 eadem
2177 2787 2328 2836 verba.

440 2859 583 2925 8476.
618 2854 762 2905 Vers:
788 2872 860 2919 19.
889 2871 966 2904 20.
1026 2856 1089 2903 Et
1121 2853 1237 2907 dixit*
1255 2852 1464 2916 Most-heb
1483 2853 1544 2900 ad
1561 2852 1670 2909 illos,
1703 2855 1869 2917 quisque
1900 2868 1951 2900 ne
1983 2851 2189 2909 residuum
2210 2852 2362 2913 faciat

368 2927 417 2975 de
438 2926 509 2974 illo
540 2925 664 2989 usque
691 2922 752 2970 ad
780 2937 912 2969 mane.
985 2922 1050 2969 Et
1088 2936 1169 2967 non
1203 2919 1464 2967 audiverunt
1500 2918 1562 2966 ad
1580 2919 1801 2982 Moschen,
1837 2918 1894 2967 δέ
1930 2916 2135 2978 residuum
2163 2917 2361 2979 fecerunt

365 2995 459 3040 viri
482 3009 530 3040 ex
554 2991 628 3038 illo
645 2989 772 3053 ‘usque
795 2989 854 3035 ad
873 3003 1008 3045 mane,
1045 2987 1099 3036 ὅ
1123 2985 1427 3034 vermiculavit
1456 3000 1634 3042 vermes,
1670 2985 1726 3034 &⁷
1748 2984 2019 3045 computruit,
2054 2983 2110 3033 &²
2122 2985 2360 3048 succenficit

354 3060 488 3123 super
524 3057 617 3104 illos
640 3051 872 3112 'Moschekn
943 3053 1007 3100 Et
1042 3053 1162 3100 dixit
1202 3043 1425 3099 Moscfieh
1463 3051 1521 3098 ad
1556 3050 1674 3107 illos,
1709 3050 1931 3113 fignificat
1968 3047 2356 3101 exhortationem:

362 3124 552 3189 quisque
575 3138 630 3170 ne
652 3116 1042 3168 residuum-faciat
1067 3119 1124 3166 de
1143 3117 1224 3172 illo
1247 3117 1387 3181 usque
1411 3117 1469 3164 ad
1490 3132 1638 3172 mane,
1675 3116 1895 3179 fignificat
1916 3114 2043 3177 quod
2065 3129 2157 3162 non
2182 3114 2357 3166 solliciti

357 3204 502 3240 erunt·
529 3188 587 3238 de
626 3185 726 3251 ejus
761 3184 1050 3250 acquisitione
1079 3199 1138 3235 ex
1166 3183 1237 3233 se:
1271 3184 1335 3238 &c>
1357 3199 1448 3234 non
1476 3182 1751 3245 *audiverunt
1782 3181 1840 3229 ad
1863 3179 2104 3239 Moschen,
2139 3181 2360 3245 fignificat

543 3272 546 3276 ’
592 3262 593 3265 ’
2223 3272 2231 3275 e
2268 3265 2361 3298 non
