2722 3684
377 233 461 295 68
931 225 1788 319 E-XODUS.

371 364 607 417 propterea
643 351 771 417 quod
808 358 899 400 non
931 348 1178 399 credidistis
1210 351 1258 399 in
1285 349 1385 407 Me,
1421 351 1469 398 &
1493 349 1866 400 sanffificaveritis
1889 352 1975 401 Me
2006 353 2054 403 in
2083 355 2228 406 'oculis
2251 357 2369 407 filio·

375 417 686 533 tlilimlsraelis,
721 419 830 468 ideo
864 433 956 467 non
991 416 1222 466 deducetis
1254 417 1652 479 congregationem
1678 416 1789 466 hanc
1813 419 1860 466 in
1883 431 2067 480 terram,
2101 438 2240 488 quam
2265 424 2372 474 dedi

377 502 390 532 1
427 501 477 533 ιε.
776 504 779 507 ’

385 594 387 597 ,
449 558 539 616 858
548 570 590 617 3.
626 552 690 601 Et
727 552 915 600 exibunt
953 566 1009 599 ex
1045 550 1120 597 illa
1157 563 1305 613 aquae,
1340 550 1468 613 quod
1502 549 1723 614 significet
1754 551 1883 615 quod
1916 551 1972 601 ab
1993 553 2096 618 Ipso
2118 570 2224 605 vera
2249 556 2372 616 fidei,

379 619 548 668 constat
571 636 596 667 a
617 618 937 681 significatione
960 626 1118 680 petrae,
1153 630 1211 664 ex
1233 631 1324 679 qua
1345 616 1538 665 exibunt
1559 631 1708 681 aquae,
1742 618 1867 682 quod
1891 619 1946 667 fit
1967 621 2200 670 Dominus
2220 625 2375 686 quoad

380 686 539 743 fidem,
575 686 632 733 de
651 701 743 748 qua
774 700 884 732 mox
916 682 1047 747 supra
1078 698 1138 730 n:
1170 686 1332 745 858213
1366 683 1415 731 &
1439 698 1495 731 ex
1519 683 1840 746 significatione
1862 701 2098 749 aquarum,
2133 690 2260 753 quod
2290 690 2375 739 sint

329 782 333 786 -
384 767 489 800 vera
511 752 634 809 fidei,
670 752 727 799 de
747 765 915 814 quan:
940 765 1084 814 2702.
1111 755 1254 812 3058.
1278 752 1584 815 34244976.
1604 749 1747 812 5668.
1767 751 1910 813 8568.
1963 787 1965 791 s
2076 798 2079 799 γ
2256 779 2264 793 .-
2385 782 2388 785 -

453 823 595 881 8584.
632 817 697 865 Et
735 816 859 864 bibat
893 815 1109 880 populus,
1144 814 1272 879 quod
1310 815 1534 880 significet
1566 831 1673 879 quae
1708 817 1969 865 recreabunt
2003 817 2206 877 illos,‹&
2230 821 2376 870 vitam

383 884 657 948 spiritualem
696 883 884 939 dabunt,
919 881 1090 930 constat
1128 898 1155 930 a
1185 880 1510 945 significatione
1549 882 1715 940 bibere,
1751 883 1879 948 quod
1911 884 1969 932 fit>
1997 884 2152 940 instrui
2170 888 2232 935 -in
2260 888 2378 938 veris

383 950 509 1009 fidei,
545 952 594 1000 δε
616 949 675 997 fic
699 950 804 998 dare
825 949 873 997 ἃ.
899 964 1089 997 recreare
1111 949 1255 996 vitam
1276 947 1567 1013 spiritualem,
1603 948 1660 997 de
1681 965 1772 1014 qua
1793 949 1922 1014 supra
1943 967 2004 1000 n:
2033 953 2176 1013 8562.

457 1021 480 1065 8
489 1021 600 1080 585.
636 1017 701 1064 Et
738 1014 844 1064 fecit
882 1016 944 1063 ita
976 1012 1198 1064 Moscheh
1233 1014 1291 1062 ad
1326 1015 1484 1064 oculos
1523 1015 1747 1063 seniorum
1782 1016 1967 1074 Israelis,
2001 1018 2127 1080 quod
2158 1018 2381 1083 significet

386 1082 601 1131 effefitum
615 1097 715 1147 ,per
749 1082 957 1146 primaria
985 1093 1107 1138 vera,
1142 1079 1313 1130 constat
1333 1096 1392 1129 ex
1415 1081 1737 1146 fignificatione
1767 1079 1874 1130 fecit
1896 1082 1957 1132 ita
1979 1083 2217 1141 Moscheh,
2252 1086 2385 1150 quod

377 1147 440 1197 ‘fit
461 1147 645 1198 effeetus
664 1170 682 1206 ς
730 1149 780 1197 δε
815 1163 872 1197 ex
906 1148 1227 1212 significatione
1256 1145 1481 1196 seniorum
1502 1147 1685 1204 Israelis,
1720 1149 1848 1211 quod
1886 1147 1973 1198 fint
2012 1151 2224 1213 primaria
2254 1168 2381 1210 vera,

386 1215 451 1264 de
478 1231 569 1280 qua
600 1215 731 1280 supra
769 1231 828 1267 n.‚:
857 1219 881 1264 8
889 1218 1013 1279 578-
1068 1212 1214 1279 Qod
1238 1214 1378 1278 ¹prius
1413 1213 1590 1261 dietum
1628 1214 1701 1270 fit,
1733 1213 1862 1278 quod
1899 1215 2120 1265 Moscheh
2161 1219 2389 1282 acciperet:

388 1282 540 1331 secum
575 1282 634 1330 de
670 1280 914 1330 senioribus
950 1279 1133 1336 Israelis,
1181 1281 1232 1328 &
1271 1294 1393 1327 nune
1426 1279 1555 1343 quod
1586 1276 1741 1328 fecerit
1777 1281 1842 1328 ita
1873 1281 1930 1328 ad
1963 1282 2122 1330 oculos
2155 1281 2382 1333 seniorum

389 1347 574 1406 Israelis,
621 1347 685 1395 est
719 1348 826 1412 quia
860 1346 1142 1405 fides-datur
1180 1360 1261 1410 per
1298 1359 1420 1403 vera,
1467 1346 1518 1394 δε
1552 1344 1743 1411 quidem
1783 1361 1865 1410 per
1900 1347 2129 1411 primaria,
2176 1365 2283 1398 nam
2320 1365 2381 1399 ex

389 1415 476 1463 illis
515 1415 568 1462 fit
603 1412 851 1472 illustrati0,
886 1424 939 1461 ut
961 1427 1068 1461 vera
1091 1410 1197 1460 inde
1224 1411 1422 1470 fluentia,
1456 1425 1564 1476 quae
1587 1423 1809 1462 vocantur
1837 1411 2110 1472 secundaria,
2142 1414 2259 1464 clare
2280 1431 2384 1483 per·

391 1497 432 1528 c1
468 1494 628 1529 rantur.
766 1516 771 1518 -

433 1498 606 1610 p8586.
642 1545 763 1594 Vers
772 1563 784 1595 :
813 1562 856 1611 7.
909 1546 974 1594 Et
1008 1545 1188 1596 vocavit
1221 1559 1367 1594 nomen
1401 1542 1481 1593 loci
1502 1542 1699 1610 M'affizh,
1746 1543 1804 1594 ΕΒ
1824 1545 2051 1604 Meribah,
2077 1557 2259 1610 propter
2278 1548 2386 1611 jur·

383 1616 505 1679 gium
516 1612 705 1672 filiorum
730 1611 915 1676 Israelis,
951 1611 1002 1664 ΕΒ
1032 1606 1211 1674 propter*
1244 1621 1412 1663 tentare
1441 1609 1534 1658 illos
1553 1612 1787 1675 Jehovam,
1820 1610 2006 1671 dicendo,
2039 1612 2140 1661 num
2172 1613 2228 1673 est
2249 1615 2392 1678 Jeho-

391 1680 485 1729 vah
516 1681 561 1727 in
591 1679 723 1728 medio
758 1678 900 1738 nostri,
921 1676 969 1738 fi
988 1694 1083 1725 non.
1153 1677 1217 1726 Et
1252 1678 1436 1724 vocavit
1471 1693 1637 1724 nomen
1673 1676 1764 1725 loci
1787 1677 1983 1736 Mass'ah,
2010 1678 2233 1743 fignificat
2253 1680 2394 1744 quale

393 1745 529 1794 status
564 1746 850 1793 tentationis:
902 1745 951 1792 &
994 1743 1223 1801 Meribah,
1257 1743 1481 1807 fignificat
1518 1743 1821 1807 querimoniae
1840 1743 2018 1807 quale:
2068 1757 2256 1810 propter
2284 1743 2393 1809 jur,-

394 1814 528 1876 gium
557 1812 756 1859 filiorum
779 1809 960 1867 Israelis,
997 1809 1219 1873 significat
1249 1809 1579 1873 querimoniam
1612 1825 1670 1857 ex
1705 1809 1924 1873 gravitate
1956 1813 2212 1859 tentationis
2242 1811 2390 1875 usque·

393 1891 447 1926 ut
485 1893 627 1942 prope
662 1876 1031 1924 succumberent:
1081 1876 1132 1923 δε
1168 1889 1353 1939 propter
1391 1887 1557 1924 tentare
1592 1875 1691 1923 illos
1712 1876 1955 1936 Jehovam,
1999 1869 2220 1940 significat
2253 1877 2383 1940 quod

395 1957 553 1993 contra
587 1944 814 1991 Divinum
856 1943 912 1989 de
946 1939 1073 2006 cujus
1114 1958 1200 2006 ope
1244 1940 1506 2005 desperant:
1559 1941 1772 1998 dicend0,
1824 1957 1936 1996 num
1983 1942 2045 1990 est
2083 1943 2292 2005 Jehovah
2337 1945 2392 1992 im

396 2011 552 2059 medio
576 2008 731 2067 nostri,
766 2008 985 2072 fignificat
1016 2008 1144 2072 quod
1173 2023 1315 2072 prope
1339 2007 1585 2065 crederent,
1621 2007 1749 2072 quod
1770 2008 1999 2057 Dominus
2023 2025 2116 2058 non
2138 2008 2225 2058 suis
2246 2025 2392 2075 operm

396 2077 523 2127 ferat.
1519 2095 1538 2107 v
1867 2106 1875 2110 »

431 2167 434 2170 ’
471 2148 613 2209 8587.
648 2143 713 2191 Et
733 2142 918 2189 vocavit
939 2157 1105 2189 nornen
1138 2140 1227 2189 loci
1251 2141 1441 2198 Maffah,
1476 2139 1606 2205 quod
1643 2140 1866 2205 significet
1902 2141 2032 2205 quale
2071 2141 2207 2190 status
2243 2154 2393 2191 tenta--

398 2211 549 2266 tionis,
585 2209 755 2258 constat
776 2224 833 2256 ex
855 2207 1175 2271 significatione
1205 2208 1401 2256 nominis
1426 2210 1474 2254 &
1499 2223 1661 2256 vocare
1685 2223 1869 2264 nomen,
1904 2208 2032 2271 quod
2062 2208 2115 2264 fit
2145 2209 2293 2272 quale,
2330 2209 2397 2267 ,de

399 2293 490 2340 qua
514 2293 567 2325 n:
603 2294 705 2333 ¹44·
739 2291 844 2337 145.
875 2289 1014 2338 1754.
1048 2274 1186 2337 1896.
1213 2291 1358 2338 2009.
1383 2275 1523 2322 2628.
1552 2290 1695 2338 2724.
1723 2274 1864 2337 3006.
1892 2290 2035 2337 3421·
2061 2274 2206 2339 6674.
2231 2276 2355 2337 6887
2375 2297 2402 2332 ς’.

396 2345 452 2395 ὅτ
475 2359 530 2390 ex
553 2342 877 2406 significatione
900 2341 1006 2397 loci,
1041 2338 1423 2403 quorkfitstatus,
1458 2339 1628 2403 dequa
1648 2356 1709 2387 n:
1736 2339 1875 2402 2625.
1905 2344 2047 2403 2837.
2077 2342 2222 2403 3356.
2244 2345 2407 2405 3387„

401 2425 546 2473 4321.
568 2415 714 2468 4882.
742 2406 880 2470 5606.
910 2411 1032 2470 7381
1053 2427 1068 2462 3
1103 2406 1232 2469 quod
1255 2405 1287 2452 fi
1311 2405 1369 2453 fit.
1388 2405 1516 2468 quale
1539 2405 1676 2453 status
1692 2406 1947 2453 tentationis
1969 2406 2032 2453 est
2054 2407 2160 2469 quia
2183 2406 2240 2454 de
2261 2408 2391 2454 Ten:-

401 2477 569 2524 tatione
600 2474 783 2538 agit-um
819 2471 913 2536 ejus
951 2472 1085 2520 status
1124 2470 1568 2535 quale-,significatur
1603 2487 1690 2535 per,
1710 2470 1879 2537 Maffah
1901 2493 1921 2527 ;⁴
1953 2471 2136 2519 Maffah,
2162 2473 2300 2530 etiam
2327 2474 2394 2532 ,in-

402 2542 590 2604 Lingua
626 2539 833 2604 originali
870 2538 1090 2605 fignificat
1126 2538 1417 2587 tentationem
1439 2555 1458 2586 ι
1487 2538 1545 2586 de
1578 2537 1698 2602 quali
1734 2534 1918 2601 ejusjn
1949 2553 2071 2586 nunc
2108 2537 2405 2603 sequentibus

406 2609 595 2655 dicetur.
960 2631 962 2633 ·
1059 2612 1064 2617 '
2179 2606 2181 2609 ’

476 2679 618 2736 8588.
655 2672 721 2720 Et
740 2670 970 2728 Meribah,
1002 2670 1127 2734 quod
1152 2669 1371 2734 significet
1393 2670 1692 2735 querimoniae
1713 2669 1870 2734 quale,
1895 2669 2068 2719 constat
2099 2687 2156 2719 ex
2182 2686 2250 2720 eo
2265 2654 2403 2736 quotl'

409 2740 623 2787 Meribah
646 2739 692 2785 in
716 2738 901 2800 Lingua
924 2737 1145 2801 originali
1160 2736 1379 2799 fignificet
1411 2738 1747 2785 contentionem
1770 2736 1843 2784 seu
1859 2734 2087 2801 jurgium,
2124 2739 2172 2795 &
2187 2735 2406 2801 jurgium<
2451 2745 2457 2749 ”

410 2806 632 2870 fignificat
665 2804 1014 2867 querimoniam,
1051 2819 1114 2851 n:.
1137 2802 1277 2866 8563.
1308 2805 1332 2849 8
1341 2801 1465 2866 5663
1501 2804 1608 2866 quia
1631 2804 1975 2851 etiamnomina
1995 2803 2399 2867 significant-quale

412 2874 492 2929 rei,
527 2889 585 2920 n:
615 2873 759 2934 8587,
794 2869 895 2918 ideo
921 2868 1139 2917 Meribah:
1166 2869 1239 2916 hic
1275 2869 1406 2932 quale
1438 2870 1751 2932 querimoniae.
1816 2869 1964 2933 Qod
2000 2868 2141 2933 ipsam
2165 2868 2277 2916 banc
2299 2881 2398 2917 ten-

413 2940 646 2994 tationem,
681 2935 731 2985 &
753 2934 848 3000 ejus
877 2935 1024 2999 quale,
1060 2936 1232 2992 attinet,
1267 2934 1516 2993 sciendum,
1550 2936 1679 2999 quod
1701 2934 1772 2982 hic
1796 2934 2102 2984 describantur.
2131 2934 2197 2981 illi
2228 2935 2311 2998 qui
2349 2934 2408 2983 in·

414 3003 733 3052 tentationibus
773 3018 902 3066 paene
936 3000 1258 3059 succumbunt,
1301 3001 1381 3065 qui
1422 3017 1584 3066 nempe
1621 3013 1872 3066 queruntur.
1910 3011 2063 3049 contra
2105 3000 2297 3062 coelum,
2335 3000 2406 3058 δι’·

414 3085 597 3132 quoque
621 3081 775 3117 contra
797 3066 941 3131 ipsum
965 3068 1213 3125 Divinum,
1247 3067 1297 3116 &
1330 3068 1514 3121 tandem
1551 3082 1680 3131 paene
1719 3084 1811 3115 non
1846 3067 2045 3116 credunt
2059 3066 2411 3115 Providentiam.

414 3135 631 3182 Divinam
650 3156 670 3190 3
709 3135 815 3181 haec
855 3134 1161 3204 significantur
1199 3134 1245 3180 in
1288 3132 1410 3180 sensu
1449 3136 1626 3182 interno
1660 3148 1741 3197 per
1778 3133 1853 3180 illa
1890 3148 1997 3197 quae
2032 3132 2312 3196 praecedunt,
2348 3135 2398 3185 ὅτ,

415 3216 598 3266 quoque
620 3215 702 3266 per
724 3217 775 3252 ea
794 3215 899 3265 quae
931 3202 978 3251 in
1002 3199 1098 3251 hoe*
1113 3198 1259 3251 Versu
1290 3197 1554 3266 sequuntur,
1584 3199 1638 3251 -&
1664 3197 1772 3263 ,sunt
1804 3198 1936 3264 quale
1973 3197 2110 3251 status
2147 3198 2414 3258 tentationis·

2278 3264 2416 3329 quod:
