2722 3684
386 262 516 341 84'
903 246 1804 325 'E>XODU‘S.

384 445 2383 562 ※※※※※※※※※※※※※※※*※※※※※*※※※※※※※※※※※※

509 650 908 716 Continuatio
956 647 1035 712 de
1069 648 1287 713 Incolis
1336 653 1395 714 &c
1428 649 1742 738 Spiritibus
1775 649 2038 717 Telluris
2071 624 2257 745 Joxtis.

387 827 556 900 8627.
634 822 803 876 Ncolae
841 821 1026 875 telluris
1059 821 1207 895 Jovis
1233 821 1532 894 sapientiam
1567 832 1750 893 ponunt
1790 822 1868 875 in·-
1884 823 2130 895 cogitando
2176 824 2287 879 bene
2324 821 2383 883 ἒξ

645 897 775 967 juste
793 896 848 949 de
868 896 1005 949 rebus
1022 917 1127 969 quae
1150 897 1203 949 in
1227 897 1339 949 vita
1365 896 1645 960 obveniunt3
1666 897 1966 968 sapientiam
1991 898 2125 951 illam
2144 898 2381 962 hauriunt

384 996 422 1028 <a
437 972 721 1046 parentibus
745 971 808 1024 ab
832 971 1067 1042 infantia,
1092 971 1453 1044 quaesttccefflve
1475 973 1530 1025 in
1544 971 1866 1042 posteritatem
1890 974 2211 1043 transfertur,
2239 975 2382 1044 &sic

389 1049 575 1121 crcstit.
616 1048 701 1099 De
709 1046 948 1118 scientiis,
975 1047 1131 1118 quales
1155 1047 1207 1099 in
1231 1046 1386 1117 nostra
1411 1046 1578 1099 tellure
1584 1046 1724 1116 fimt,
1738 1047 1939 1118 prorsus
1960 1047 2275 1119 nihilsciunt,
2300 1069 2385 1103 nec

370 1125 509 1196 scire
531 1122 695 1175 volunt
716 1147 732 1185 3
769 1131 942 1173 vocant
974 1121 1083 1173 illas
1114 1120 1321 1184 umbras,
1367 1120 1424 1174 &
1449 1131 1727 1192 comparant
1765 1121 1965 1174 nubibus
2004 1140 2110 1194 quae
2154 1124 2286 1175 inter
2296 1124 2382 1195 so'-

389 1199 477 1263 lem
497 1219 514 1249 .-
561 1196 716 1249 ideam
739 1195 861 1248 hanc
898 1194 953 1247 de
971 1195 1195 1264 scientiis
1219 1195 1459 1248 duxerunt
1484 1215 1543 1247 ex
1579 1194 1814 1267 aliquibus
1851 1216 1876 1248 e
1900 1195 2056 1265 nostra
2079 1196 2263 1262 tellure,
2299 1198 2385 1271 qui

372 1273 433 1345 se
456 1291 615 1326 coram
639 1271 736 1322 illis
758 1268 1091 1333 venditarunt,
1131 1269 1252 1341 quod
1255 1269 1496 1340 sapientes
1520 1268 1656 1342 eff’nt
1679 1287 1738 1321 ex
1743 1269 1984 1339 scientiis.
2150 1268 2153 1272 ’
2177 1280 2180 1282 ’
2363 1336 2368 1338 ‚
2391 1275 2393 1278 ’

469 1347 629 1399 8628.
669 1345 882 1416 Spiritus
915 1364 939 1395 e
964 1342 1117 1413 nostra
1147 1343 1348 1406 Tellure,
1388 1344 1546 1415 quise
1579 1342 1654 1395 ita
1678 1342 2015 1415 venditarunt,
2030 1345 2258 1416 *fuerunt
2294 1348 2380 1420 qui
2403 1387 2413 1392 s

370 1422 668 1495 sapientiam
685 1420 939 1490 pofiterunt
966 1418 1019 1469 in
1043 1417 1236 1482 talibus,
1276 1437 1380 1490 quae
1387 1418 1511 1489 sunt
1536 1437 1680 1471 merce
1703 1417 1954 1483 memoriae,
1995 1431 2051 1472 ut
2074 1420 2128 1472 in
2146 1421 2377 1492 Linguis,

385 1499 442 1550 -in
465 1495 695 1566 historicis
735 1512 839 1564 quae
860 1492 981 1564 sunt
1018 1492 1144 1544 orbis
1185 1492 1422 1555 literarii,
1464 1492 1517 1544 in
1557 1491 1695 1545 nudis
1730 1492 2190 1563 experimentalibus,
2217 1490 2381 1567 'inque

385 1571 605 1624 terminis
638 1567 877 1638 imprimis
905 1566 1242 1638 philosophicis,
1285 1568 1342 1619 ἔθ’
1379 1567 1433 1620 in
1457 1565 1688 1635 fimilibus
1725 1567 1854 1631 aliis,
1895 1587 1979 1621 nec
2003 1568 2100 1620 illis
2132 1579 2188 1621 ut
2215 1570 2381 1627 mediis

386 1644 456 1699 ad
472 1642 759 1716 sapiendum
795 1642 865 1712 uli
879 1641 1019 1712 fimt,
1057 1642 1171 1713 quia
1196 1641 1371 1693 inillis
1396 1641 1502 1712 ipsis
1522 1641 1819 1713 sapientiam
1843 1641 2133 1713 posuerunt3
2172 1643 2229 1697 hi-
2263 1645 2381 1716 quia

373 1731 471 1792 per
485 1718 737 1790 scientias,
778 1727 835 1768 ut
862 1726 957 1786 per
981 1716 1135 1769 media
1160 1735 1248 1768 non
1274 1716 1574 1769 excoluerunt
1587 1715 1887 1786 facultatem
1905 1717 2051 1788 fitam
2074 1717 2376 1783 rationalem,
2408 1761 2413 1764 -

383 1796 439 1846 in
464 1794 622 1846 altera
645 1791 757 1844 vitu
782 1801 965 1861 parum
998 1791 1314 1862 perceptionis
1338 1789 1525 1854 habent,
1565 1809 1677 1842 nam
1685 1788 1854 1862 solum·
1866 1790 2035 1844 vident
2059 1792 2113 1844 in
2137 1793 2376 1858 terminis,

378 1870 442 1922 ⁴&
468 1887 527 1920 ex
551 1866 785 1929 terminis,
824 1865 907 1937 qui
926 1864 1050 1936 fient
1076 1864 1147 1917 ibi
1164 1865 1297 1936 stcut
1314 1864 1503 1936 grumi,
1541 1884 1600 1917 ac
1612 1864 1747 1934 sicut
1785 1864 1950 1938 craffae
1974 1865 2113 1919 nubes
2154 1878 2268 1920 ante
2289 1868 2377 1920 vi-

366 1944 481 2015 fitm
518 1939 904 2003 intellefflualem3
962 1939 1020 1992 &²
1064 1939 1147 2011 qui
1166 1939 1371 2010 fastucfi
1387 1940 1607 2010 fuerunt
1649 1958 1708 1991 ex
1747 1939 2012 1994 eruditione
2054 1939 2178 2005 inde,
2222 1941 2376 2004 adhuc

384 2019 539 2070 minus
550 2015 863 2087 percipiunt3
902 2014 987 2085 qui
1010 2032 1125 2065 vero
1143 2013 1368 2085 scientiis
1407 2015 1478 2084 usi
1492 2013 1614 2086 ficnt
1650 2024 1705 2066 ut
1740 2013 1905 2067 mediis
1945 2015 2252 2080 annihilandi
2288 2016 2376 2069 illa

375 2111 487 2164 quae
506 2090 632 2159 fidei
650 2092 789 2160 sunt,
827 2087 903 2141 illi
926 2087 1238 2141 intellettuale
1259 2090 1407 2155 suum
1430 2088 1628 2160 prorsus
1651 2086 1998 2158 destruxerunt,
2038 2088 2097 2143 ac
2121 2089 2288 2143 vident
2322 2090 2377 2157 in

380 2165 588 2236 caligine
611 2165 744 2234 ficut
786 2164 983 2226 nobluae,
1006 2161 1195 2234 falsum
1227 2174 1322 2234 pro
1362 2182 1478 2216 vero
1518 2163 1576 2215 &
1616 2162 1790 2216 malum
1815 2174 1909 2238 pro
1953 2163 2078 2217 bono.
2157 2164 2373 2236 Spiritus

379 2239 602 2313 Joviales
624 2257 692 2293 ex.
707 2237 1054 2307 converstztione
1077 2256 1181 2290 cum
1206 2236 1383 2290 talibus
1409 2236 1744 2309 concusserunt,
1784 2237 1905 2310 quod
1908 2238 2134 2310 scientiae
2157 2238 2378 2298 umbram

379 2314 612 2368 inducant
636 2313 693 2365 &2³
718 2322 942 2365 occaecent
959 2331 977 2363 .-
1011 2309 1103 2382 sed
1137 2311 1233 2363 illis
1262 2311 1443 2364 dietum
1475 2311 1550 2382 est,
1590 2310 1712 2383 quod
1743 2312 1797 2365 in
1832 2311 1924 2365 hac
1948 2312 2135 2369 ‘Tellure
2150 2312 2376 2383 scientiae

359 2391 468 2461 sint
492 2387 647 2441 media
671 2385 921 2458 aperiendi
943 2385 1097 2457 visum
1121 2386 1494 2449 intellectualem,
1533 2386 1616 2458 qu'i
1653 2385 1783 2457 visus
1820 2386 1882 2456 est
1921 2386 1974 2439 in
2015 2386 2115 2440 luce
2149 2387 2272 2452 coeli,
2318 2407 2379 2442 ac

380 2463 575 2532 instruit
600 2462 653 2515 in
678 2459 854 2514 talibus
875 2470 983 2532 ”quae
993 2460 1114 2532 fiant
1140 2461 1264 2513 vitae
1283 2459 1602 2532 spirituali53
1632 2459 1728 2533 fid
1761 2460 1877 2532 quia
1912 2472 2087 2532 regnat
2128 2479 2264 2514 amor
2284 2463 2373 2534 sui

378 2539 437 2590 &
463 2540 596 2589 amor
620 2534 800 2598 mundi,
839 2536 896 2587 &
922 2534 1031 2586 inde
1063 2535 1190 2587 talia
1229 2553 1334 2606 quae
1355 2534 1478 2606 fiant
1502 2534 1624 2587 vitae
1659 2536 1784 2587 mere
1818 2535 2061 2588 naturalis
2094 2555 2153 2589 ac
2171 2536 2376 2608 stnfita'-

375 2613 454 2675 lis,
508 2606 608 2663 ideo
627 2609 853 2680 scientiae
896 2608 994 2661 illis
1028 2608 1151 2680 sunt
1195 2609 1350 2662 media
1390 2608 1673 2681 insaniendi,
1725 2619 1885 2680 'nempe
1931 2609 2246 2680 confirmandi
2278 2622 2393 2682 pro·

376 2698 562 2740 natura
601 2695 769 2737 contra
795 2682 1060 2748 Divinum,
1101 2684 1158 2736 &
1189 2691 1283 2754 pr'o
1322 2683 1488 2753 mundo
1531 2694 1699 2736 contra
1733 2684 1915 2737 coelum.
1996 2685 2155 2737 Porro
2191 2684 2374 2738 dietum

375 2761 454 2828 est,
492 2758 613 2833 quod
615 2757 841 2830 stientiae
867 2758 920 2810 in
940 2757 1000 2829 Je
1015 2757 1122 2824 sint
1147 2757 1344 2810 divitiae
1365 2757 1672 2829 spirituales,
1717 2759 1775 2811 Εὖ)
1800 2751 1935 2831 {quod
1954 2758 2014 2811 ii-
2034 2759 2116 2832 qui
2149 2758 2371 2829 poffi'dent

375 2836 487 2888 illas
504 2835 611 2903 fint
641 2834 759 2896 licut
783 2832 866 2903 qui
894 2831 1117 2902 poffident
1141 2830 1348 2885 divitias
1371 2831 1653 2898 mundanas,
1694 2852 1799 2904 quae
1817 2832 2053 2902 fimiliter
2069 2832 2191 2904 fient
2216 2832 2372 2886 media

379 2903 509 2981 ustam
537 2905 925 2979 praestandistbi‚
955 2907 1192 2977 proximo,
1229 2907 1287 2970 δέ
1302 2907 1509 2978 patriae,
1549 2907 1605 2960 ΕΒ
1631 2912 1806 2979 quoque,
1825 2907 1981 2961 media
2004 2905 2371 2976 malefaciendi3

375 2995 481 3036 tum
507 2982 628 3054 quod
640 2982 745 3052 stnt
764 2981 894 3048 ficut
918 2980 1077 3050 vestes,
1120 3000 1226 3053 quae
1261 2992 1355 3051 pro
1380 2977 1462 3047 usu
1488 2982 1545 3034 &³
1571 2992 1747 3034 ornatu
1779 2981 2068 3053 inserviunt,
2115 2980 2172 3033 &
2198 3000 2370 3052 quoque

367 3069 462 3130 pro
481 3056 624 3127 fastu
649 3067 704 3109 ut
729 3054 860 3128 apud
880 3073 948 3107 eos
971 3055 1053 3126 qui
1076 3055 1138 3107 ab
1163 3055 1260 3108 illis
1281 3055 1400 3127 solis
1422 3054 1587 3110 volunt
1613 3055 1855 3109 honorari.
1933 3055 2148 3126 Spiritus
2167 3052 2372 3108 Telluris

374 3131 524 3204 Jovis
547 3130 646 3183 haec
670 3129 779 3183 bene
819 3128 1168 3192 intellexerunt,
1198 3129 1294 3199 sed
1313 3130 1487 3183 mirati
1508 3130 1647 3201 fiant,
1682 3128 1828 3201 quod,
1868 3147 1974 3182 cum
1998 3129 2198 3182 homines
2219 3128 2371 3201 cffint,

360 3204 681 3282 pranderint
705 3203 831 3259 talia
856 3222 962 3277 quae
997 3203 1068 3258 ad
1083 3203 1384 3288 sapientiam
1406 3203 1586 3260 ducunt
1610 3203 1700 3278 ipst
1713 3203 2010 3279 fhpientiae3
2059 3204 2117 3258 (39⁹
2142 3203 2272 3332 quoii!
2283 3223 2374 3256 non

1351 3291 1357 3296 ’
2175 3295 2230 3331 vi
2267 3291 2378 3333 eant
