<?xml version="1.0" encoding="UTF-8"?>
<!DOCTYPE html PUBLIC "-//W3C//DTD XHTML 1.0 Transitional//EN"
    "http://www.w3.org/TR/xhtml1/DTD/xhtml1-transitional.dtd">
<html xmlns="http://www.w3.org/1999/xhtml" xml:lang="en" lang="en">
 <head>
  <title>
</title>
<meta http-equiv="Content-Type" content="text/html;charset=utf-8" />
  <meta name='ocr-system' content='tesseract 3.04.00' />
  <meta name='ocr-capabilities' content='ocr_page ocr_carea ocr_par ocr_line ocrx_word'/>
</head>
<body>
  <div class='ocr_page' id='page_1' title='image "arcanacaelestiaq07sweduoft_0173.png"; bbox 0 0 2722 3684; ppageno 0'>
   <div class='ocr_carea' id='block_1_1' title="bbox 528 123 2316 268">
    <p class='ocr_par' dir='ltr' id='par_1_1' title="bbox 528 123 2316 268">
     <span class='ocr_line' id='line_1_1' title="bbox 528 123 2316 268; baseline -0.002 -20"><span class='ocrx_word' id='word_1_1' title='bbox 528 175 1030 268; x_wconf 74' lang='lat' dir='ltr'>CAPUT</span> <span class='ocrx_word' id='word_1_2' title='bbox 1125 123 2078 248; x_wconf 16' lang='lat' dir='ltr'><strong>V&#39;I&#39;GES‘IMUM.</strong></span> <span class='ocrx_word' id='word_1_3' title='bbox 2188 180 2316 264; x_wconf 85' lang='lat'>169</span> 
     </span>
    </p>
   </div>
   <div class='ocr_carea' id='block_1_2' title="bbox 303 299 2314 3230">
    <p class='ocr_par' dir='ltr' id='par_1_2' title="bbox 324 299 2314 822">
     <span class='ocr_line' id='line_1_2' title="bbox 343 299 2314 368; baseline -0.001 -14"><span class='ocrx_word' id='word_1_4' title='bbox 343 321 440 355; x_wconf 81' lang='lat' dir='ltr'>ram</span> <span class='ocrx_word' id='word_1_5' title='bbox 456 306 488 330; x_wconf 88' lang='lat'><strong>”</strong></span> <span class='ocrx_word' id='word_1_6' title='bbox 520 319 636 352; x_wconf 83' lang='lat' dir='ltr'>xx1:</span> <span class='ocrx_word' id='word_1_7' title='bbox 660 318 709 366; x_wconf 90' lang='lat'>9.</span> <span class='ocrx_word' id='word_1_8' title='bbox 777 299 926 362; x_wconf 91' lang='lat' dir='ltr'>Apud</span> <span class='ocrx_word' id='word_1_9' title='bbox 949 299 1164 351; x_wconf 85' lang='lat' dir='ltr'>Eundem</span> <span class='ocrx_word' id='word_1_10' title='bbox 1202 311 1238 335; x_wconf 76' lang='lat'>‘⁶</span> <span class='ocrx_word' id='word_1_11' title='bbox 1257 306 1397 352; x_wconf 91' lang='lat' dir='ltr'>Tunc</span> <span class='ocrx_word' id='word_1_12' title='bbox 1421 302 1712 352; x_wconf 85' lang='lat' dir='ltr'>immundum</span> <span class='ocrx_word' id='word_1_13' title='bbox 1727 301 1987 364; x_wconf 88' lang='lat' dir='ltr'>judicabitis</span> <span class='ocrx_word' id='word_1_14' title='bbox 2003 313 2163 366; x_wconf 83' lang='lat' dir='ltr'>tegmen</span> <span class='ocrx_word' id='word_1_15' title='bbox 2168 305 2314 368; x_wconf 82' lang='lat' dir='ltr'>sculp-</span> 
     </span>
     <span class='ocr_line' id='line_1_3' title="bbox 340 366 2308 433; baseline -0.002 -13"><span class='ocrx_word' id='word_1_16' title='bbox 340 371 480 420; x_wconf 78' lang='lat' dir='ltr'>tilium</span> <span class='ocrx_word' id='word_1_17' title='bbox 501 369 669 431; x_wconf 71' lang='lat' dir='ltr'>argenti</span> <span class='ocrx_word' id='word_1_18' title='bbox 676 366 768 428; x_wconf 73' lang='lat' dir='ltr'>fici,</span> <span class='ocrx_word' id='word_1_19' title='bbox 801 366 853 414; x_wconf 75' lang='grc' dir='ltr'>ὅτ</span> <span class='ocrx_word' id='word_1_20' title='bbox 873 368 1077 416; x_wconf 66' lang='lat' dir='ltr'>ammam</span> <span class='ocrx_word' id='word_1_21' title='bbox 1094 370 1240 433; x_wconf 86' lang='lat' dir='ltr'>fustlis</span> <span class='ocrx_word' id='word_1_22' title='bbox 1263 373 1366 418; x_wconf 85' lang='lat' dir='ltr'>auri</span> <span class='ocrx_word' id='word_1_23' title='bbox 1383 372 1473 431; x_wconf 86' lang='lat' dir='ltr'>sui,</span> <span class='ocrx_word' id='word_1_24' title='bbox 1507 369 1736 432; x_wconf 82' lang='lat' dir='ltr'>disperges</span> <span class='ocrx_word' id='word_1_25' title='bbox 1756 384 1808 414; x_wconf 90' lang='lat' dir='ltr'>ea</span> <span class='ocrx_word' id='word_1_26' title='bbox 1830 369 1937 416; x_wconf 86' lang='lat' dir='ltr'>ficut</span> <span class='ocrx_word' id='word_1_27' title='bbox 1969 370 2308 427; x_wconf 84' lang='lat' dir='ltr'>menstrualum,</span> 
     </span>
     <span class='ocr_line' id='line_1_4' title="bbox 337 429 2310 500; baseline 0 -17"><span class='ocrx_word' id='word_1_28' title='bbox 337 436 502 493; x_wconf 82' lang='lat' dir='ltr'>stercus</span> <span class='ocrx_word' id='word_1_29' title='bbox 523 433 762 482; x_wconf 86' lang='lat' dir='ltr'>vocabitur</span> <span class='ocrx_word' id='word_1_30' title='bbox 784 430 830 477; x_wconf 93' lang='lat' dir='ltr'>id</span> <span class='ocrx_word' id='word_1_31' title='bbox 846 429 878 453; x_wconf 89' lang='lat'><strong>”</strong></span> <span class='ocrx_word' id='word_1_32' title='bbox 924 446 1046 481; x_wconf 85' lang='lat' dir='ltr'>xxx:</span> <span class='ocrx_word' id='word_1_33' title='bbox 1075 449 1152 482; x_wconf 82' lang='lat'>22.</span> <span class='ocrx_word' id='word_1_34' title='bbox 1222 436 1372 500; x_wconf 90' lang='lat' dir='ltr'>Apud</span> <span class='ocrx_word' id='word_1_35' title='bbox 1395 436 1644 496; x_wconf 89' lang='lat' dir='ltr'>Jeremiam</span> <span class='ocrx_word' id='word_1_36' title='bbox 1696 443 1728 464; x_wconf 81' lang='lat'>‘⁸</span> <span class='ocrx_word' id='word_1_37' title='bbox 1751 435 1901 497; x_wconf 80' lang='lat' dir='ltr'>Qare</span> <span class='ocrx_word' id='word_1_38' title='bbox 1923 434 1980 482; x_wconf 91' lang='lat' dir='ltr'>ad</span> <span class='ocrx_word' id='word_1_39' title='bbox 2007 435 2118 482; x_wconf 89' lang='lat' dir='ltr'>iram</span> <span class='ocrx_word' id='word_1_40' title='bbox 2143 451 2310 497; x_wconf 83' lang='lat' dir='ltr'>provo-</span> 
     </span>
     <span class='ocr_line' id='line_1_5' title="bbox 335 496 2308 564; baseline -0.001 -16"><span class='ocrx_word' id='word_1_41' title='bbox 335 512 490 549; x_wconf 88' lang='lat' dir='ltr'>carunt</span> <span class='ocrx_word' id='word_1_42' title='bbox 513 497 597 544; x_wconf 91' lang='lat' dir='ltr'>Me</span> <span class='ocrx_word' id='word_1_43' title='bbox 616 511 695 560; x_wconf 86' lang='lat' dir='ltr'>per</span> <span class='ocrx_word' id='word_1_44' title='bbox 707 496 922 560; x_wconf 85' lang='lat' dir='ltr'>sculptilia</span> <span class='ocrx_word' id='word_1_45' title='bbox 934 499 1037 559; x_wconf 88' lang='lat' dir='ltr'>sua,</span> <span class='ocrx_word' id='word_1_46' title='bbox 1072 515 1151 563; x_wconf 91' lang='lat' dir='ltr'>per</span> <span class='ocrx_word' id='word_1_47' title='bbox 1173 502 1391 550; x_wconf 82' lang='lat' dir='ltr'>vanitates</span> <span class='ocrx_word' id='word_1_48' title='bbox 1411 501 1765 564; x_wconf 71' lang='lat' dir='ltr'>alienigenarum</span> <span class='ocrx_word' id='word_1_49' title='bbox 1783 498 1815 518; x_wconf 91' lang='lat'>&#39;’</span> <span class='ocrx_word' id='word_1_50' title='bbox 1851 515 1954 547; x_wconf 84' lang='lat' dir='ltr'>vn1</span> <span class='ocrx_word' id='word_1_51' title='bbox 1974 515 1986 545; x_wconf 92' lang='lat'>:</span> <span class='ocrx_word' id='word_1_52' title='bbox 2017 514 2092 561; x_wconf 90' lang='lat'>19.</span> <span class='ocrx_word' id='word_1_53' title='bbox 2159 500 2308 562; x_wconf 87' lang='lat' dir='ltr'>Apud</span> 
     </span>
     <span class='ocr_line' id='line_1_6' title="bbox 336 562 2308 630; baseline -0.002 -16"><span class='ocrx_word' id='word_1_54' title='bbox 336 564 603 614; x_wconf 81' lang='lat' dir='ltr'>Hoscheam</span> <span class='ocrx_word' id='word_1_55' title='bbox 640 572 672 592; x_wconf 90' lang='lat'>“</span> <span class='ocrx_word' id='word_1_56' title='bbox 692 563 980 610; x_wconf 87' lang='lat' dir='ltr'>Vocaverunt</span> <span class='ocrx_word' id='word_1_57' title='bbox 1002 562 1184 627; x_wconf 72' lang='lat' dir='ltr'>seipsoe,</span> <span class='ocrx_word' id='word_1_58' title='bbox 1220 568 1278 615; x_wconf 88' lang='lat' dir='ltr'>fic</span> <span class='ocrx_word' id='word_1_59' title='bbox 1301 568 1481 616; x_wconf 84' lang='lat' dir='ltr'>iverunt</span> <span class='ocrx_word' id='word_1_60' title='bbox 1504 577 1690 630; x_wconf 86' lang='lat' dir='ltr'>propter</span> <span class='ocrx_word' id='word_1_61' title='bbox 1724 565 1766 612; x_wconf 90' lang='lat' dir='ltr'>se</span> <span class='ocrx_word' id='word_1_62' title='bbox 1803 564 1937 627; x_wconf 86' lang='lat' dir='ltr'>ipsos,</span> <span class='ocrx_word' id='word_1_63' title='bbox 1981 565 2156 611; x_wconf 89' lang='lat' dir='ltr'>balibus</span> <span class='ocrx_word' id='word_1_64' title='bbox 2181 565 2308 612; x_wconf 85' lang='lat' dir='ltr'>sacri-</span> 
     </span>
     <span class='ocr_line' id='line_1_7' title="bbox 335 626 2309 697; baseline -0.003 -19"><span class='ocrx_word' id='word_1_65' title='bbox 335 631 491 687; x_wconf 90' lang='lat' dir='ltr'>ficant,</span> <span class='ocrx_word' id='word_1_66' title='bbox 526 630 575 677; x_wconf 89' lang='lat'>&amp;</span> <span class='ocrx_word' id='word_1_67' title='bbox 587 627 852 690; x_wconf 87' lang='lat' dir='ltr'>sculptilibus</span> <span class='ocrx_word' id='word_1_68' title='bbox 859 626 1038 689; x_wconf 85' lang='lat' dir='ltr'>suffiunt</span> <span class='ocrx_word' id='word_1_69' title='bbox 1057 630 1090 650; x_wconf 88' lang='lat'><strong><em>”</em></strong></span> <span class='ocrx_word' id='word_1_70' title='bbox 1124 647 1207 678; x_wconf 83' lang='lat' dir='ltr'>xr:</span> <span class='ocrx_word' id='word_1_71' title='bbox 1235 649 1279 681; x_wconf 84' lang='lat'>2.</span> <span class='ocrx_word' id='word_1_72' title='bbox 1348 632 1492 697; x_wconf 86' lang='lat' dir='ltr'>Apud</span> <span class='ocrx_word' id='word_1_73' title='bbox 1521 631 1742 678; x_wconf 87' lang='lat' dir='ltr'>Moschen</span> <span class='ocrx_word' id='word_1_74' title='bbox 1780 638 1815 660; x_wconf 87' lang='lat'><strong>“</strong></span> <span class='ocrx_word' id='word_1_75' title='bbox 1836 629 2108 678; x_wconf 62' lang='lat' dir='ltr'>Maledictus</span> <span class='ocrx_word' id='word_1_76' title='bbox 2130 630 2214 676; x_wconf 86' lang='lat' dir='ltr'>Vir</span> <span class='ocrx_word' id='word_1_77' title='bbox 2235 632 2309 692; x_wconf 86' lang='lat' dir='ltr'>qui</span> 
     </span>
     <span class='ocr_line' id='line_1_8' title="bbox 324 693 2310 764; baseline -0.002 -19"><span class='ocrx_word' id='word_1_78' title='bbox 324 698 483 762; x_wconf 84' lang='lat' dir='ltr'>fecerit</span> <span class='ocrx_word' id='word_1_79' title='bbox 508 693 705 757; x_wconf 77' lang='lat' dir='ltr'>fiulptile</span> <span class='ocrx_word' id='word_1_80' title='bbox 738 705 819 740; x_wconf 89' lang='lat' dir='ltr'>aut</span> <span class='ocrx_word' id='word_1_81' title='bbox 845 693 996 756; x_wconf 74' lang='lat' dir='ltr'>fusile,</span> <span class='ocrx_word' id='word_1_82' title='bbox 1028 697 1416 747; x_wconf 86' lang='lat' dir='ltr'>abominationem</span> <span class='ocrx_word' id='word_1_83' title='bbox 1437 701 1467 764; x_wconf 87' lang='lat' dir='ltr'>J</span> <span class='ocrx_word' id='word_1_84' title='bbox 1471 698 1653 755; x_wconf 87' lang='lat' dir='ltr'>ehovae,</span> <span class='ocrx_word' id='word_1_85' title='bbox 1701 709 1801 758; x_wconf 88' lang='lat' dir='ltr'>opus</span> <span class='ocrx_word' id='word_1_86' title='bbox 1838 711 2040 743; x_wconf 82' lang='lat' dir='ltr'>manuum</span> <span class='ocrx_word' id='word_1_87' title='bbox 2082 694 2255 754; x_wconf 57' lang='lat' dir='ltr'>artificis</span> <span class='ocrx_word' id='word_1_88' title='bbox 2272 694 2310 756; x_wconf 52' lang='grc' dir='ltr'>’ᾗ</span> 
     </span>
     <span class='ocr_line' id='line_1_9' title="bbox 341 763 1477 822; baseline -0.004 -13"><span class='ocrx_word' id='word_1_89' title='bbox 341 763 496 809; x_wconf 87' lang='lat' dir='ltr'>Deut:</span> <span class='ocrx_word' id='word_1_90' title='bbox 520 776 691 807; x_wconf 82' lang='lat' dir='ltr'>xxvn:</span> <span class='ocrx_word' id='word_1_91' title='bbox 724 776 798 822; x_wconf 88' lang='lat'>15.</span> <span class='ocrx_word' id='word_1_92' title='bbox 1474 784 1477 786; x_wconf 97' lang='lat'>·</span> 
     </span>
    </p>

    <p class='ocr_par' dir='ltr' id='par_1_3' title="bbox 334 824 2307 1023">
     <span class='ocr_line' id='line_1_10' title="bbox 406 824 2307 893; baseline 0 -19"><span class='ocrx_word' id='word_1_93' title='bbox 406 829 557 890; x_wconf 88' lang='lat'>8870..</span> <span class='ocrx_word' id='word_1_94' title='bbox 584 825 646 872; x_wconf 89' lang='lat' dir='ltr'>Et</span> <span class='ocrx_word' id='word_1_95' title='bbox 663 824 803 872; x_wconf 89' lang='lat' dir='ltr'>ullam</span> <span class='ocrx_word' id='word_1_96' title='bbox 827 825 1188 886; x_wconf 84' lang='lat' dir='ltr'>fimilitudinem,</span> <span class='ocrx_word' id='word_1_97' title='bbox 1210 829 1430 893; x_wconf 85' lang='lat' dir='ltr'>fignificat</span> <span class='ocrx_word' id='word_1_98' title='bbox 1453 829 1586 877; x_wconf 89' lang='lat' dir='ltr'>instar</span> <span class='ocrx_word' id='word_1_99' title='bbox 1604 828 1786 877; x_wconf 87' lang='lat' dir='ltr'>illorum</span> <span class='ocrx_word' id='word_1_100' title='bbox 1811 843 1917 891; x_wconf 85' lang='lat' dir='ltr'>quae</span> <span class='ocrx_word' id='word_1_101' title='bbox 1936 843 1961 873; x_wconf 91' lang='lat' dir='ltr'>a</span> <span class='ocrx_word' id='word_1_102' title='bbox 1978 826 2172 882; x_wconf 86' lang='lat' dir='ltr'>Divino,</span> <span class='ocrx_word' id='word_1_103' title='bbox 2195 842 2307 874; x_wconf 86' lang='lat' dir='ltr'>con-</span> 
     </span>
     <span class='ocr_line' id='line_1_11' title="bbox 334 891 2303 959; baseline 0 -19"><span class='ocrx_word' id='word_1_104' title='bbox 334 891 419 941; x_wconf 90' lang='lat' dir='ltr'>stat</span> <span class='ocrx_word' id='word_1_105' title='bbox 437 908 494 940; x_wconf 89' lang='lat' dir='ltr'>ex</span> <span class='ocrx_word' id='word_1_106' title='bbox 511 891 834 954; x_wconf 76' lang='lat' dir='ltr'>significatione</span> <span class='ocrx_word' id='word_1_107' title='bbox 852 891 1176 950; x_wconf 78' lang='lat' dir='ltr'>fimilitudiniS,</span> <span class='ocrx_word' id='word_1_108' title='bbox 1197 896 1325 959; x_wconf 88' lang='lat' dir='ltr'>quod</span> <span class='ocrx_word' id='word_1_109' title='bbox 1346 896 1400 943; x_wconf 89' lang='lat' dir='ltr'>s1t</span> <span class='ocrx_word' id='word_1_110' title='bbox 1417 896 1552 942; x_wconf 86' lang='lat' dir='ltr'>instar</span> <span class='ocrx_word' id='word_1_111' title='bbox 1571 916 1585 948; x_wconf 89' lang='lat'>;</span> <span class='ocrx_word' id='word_1_112' title='bbox 1632 895 1757 955; x_wconf 85' lang='lat' dir='ltr'>quod</span> <span class='ocrx_word' id='word_1_113' title='bbox 1775 894 1829 940; x_wconf 81' lang='lat' dir='ltr'>sit</span> <span class='ocrx_word' id='word_1_114' title='bbox 1847 893 1979 939; x_wconf 87' lang='lat' dir='ltr'>instar</span> <span class='ocrx_word' id='word_1_115' title='bbox 1996 891 2178 938; x_wconf 84' lang='lat' dir='ltr'>illorum</span> <span class='ocrx_word' id='word_1_116' title='bbox 2197 907 2303 954; x_wconf 85' lang='lat' dir='ltr'>quae</span> 
     </span>
     <span class='ocr_line' id='line_1_12' title="bbox 334 955 2307 1023; baseline -0.001 -16"><span class='ocrx_word' id='word_1_117' title='bbox 334 975 362 1007; x_wconf 83' lang='lat' dir='ltr'>a</span> <span class='ocrx_word' id='word_1_118' title='bbox 385 958 581 1013; x_wconf 89' lang='lat' dir='ltr'>Divino,</span> <span class='ocrx_word' id='word_1_119' title='bbox 616 967 738 1019; x_wconf 85' lang='lat' dir='ltr'>patet</span> <span class='ocrx_word' id='word_1_120' title='bbox 756 956 812 1001; x_wconf 89' lang='lat' dir='ltr'>ab</span> <span class='ocrx_word' id='word_1_121' title='bbox 831 955 919 1002; x_wconf 83' lang='lat' dir='ltr'>illis</span> <span class='ocrx_word' id='word_1_122' title='bbox 936 972 1042 1019; x_wconf 80' lang='lat' dir='ltr'>quae</span> <span class='ocrx_word' id='word_1_123' title='bbox 1059 962 1322 1021; x_wconf 75' lang='lat' dir='ltr'>praecedunt</span> <span class='ocrx_word' id='word_1_124' title='bbox 1345 962 1393 1008; x_wconf 78' lang='grc' dir='ltr'>δι</span> <span class='ocrx_word' id='word_1_125' title='bbox 1410 961 1468 1007; x_wconf 90' lang='lat' dir='ltr'>ab</span> <span class='ocrx_word' id='word_1_126' title='bbox 1485 960 1570 1006; x_wconf 90' lang='lat' dir='ltr'>illis</span> <span class='ocrx_word' id='word_1_127' title='bbox 1586 975 1693 1023; x_wconf 84' lang='lat' dir='ltr'>quae</span> <span class='ocrx_word' id='word_1_128' title='bbox 1711 959 1952 1021; x_wconf 88' lang='lat' dir='ltr'>sequuntur</span> <span class='ocrx_word' id='word_1_129' title='bbox 1970 978 1984 1012; x_wconf 88' lang='lat'>;</span> <span class='ocrx_word' id='word_1_130' title='bbox 2024 957 2080 1003; x_wconf 88' lang='lat' dir='ltr'>ab</span> <span class='ocrx_word' id='word_1_131' title='bbox 2097 957 2181 1003; x_wconf 85' lang='lat' dir='ltr'>illis</span> <span class='ocrx_word' id='word_1_132' title='bbox 2199 974 2307 1020; x_wconf 82' lang='lat' dir='ltr'>quae</span> 
     </span>
    </p>

    <p class='ocr_par' dir='ltr' id='par_1_4' title="bbox 330 1020 2306 2986">
     <span class='ocr_line' id='line_1_13' title="bbox 370 1020 2304 1086; baseline -0.001 -16"><span class='ocrx_word' id='word_1_133' title='bbox 370 1023 619 1077; x_wconf 82' lang='lat' dir='ltr'>taecedunt,</span> <span class='ocrx_word' id='word_1_134' title='bbox 651 1020 776 1084; x_wconf 90' lang='lat' dir='ltr'>quod</span> <span class='ocrx_word' id='word_1_135' title='bbox 799 1035 892 1067; x_wconf 90' lang='lat' dir='ltr'>non</span> <span class='ocrx_word' id='word_1_136' title='bbox 916 1035 1047 1070; x_wconf 91' lang='lat' dir='ltr'>erunt</span> <span class='ocrx_word' id='word_1_137' title='bbox 1069 1023 1134 1070; x_wconf 87' lang='lat' dir='ltr'>dii</span> <span class='ocrx_word' id='word_1_138' title='bbox 1157 1026 1234 1072; x_wconf 88' lang='lat' dir='ltr'>alii</span> <span class='ocrx_word' id='word_1_139' title='bbox 1255 1042 1406 1074; x_wconf 90' lang='lat' dir='ltr'>coram</span> <span class='ocrx_word' id='word_1_140' title='bbox 1430 1025 1624 1074; x_wconf 86' lang='lat' dir='ltr'>faciebus</span> <span class='ocrx_word' id='word_1_141' title='bbox 1641 1025 1836 1084; x_wconf 75' lang='lat' dir='ltr'>jehovae</span> <span class='ocrx_word' id='word_1_142' title='bbox 1857 1023 1949 1079; x_wconf 87' lang='lat' dir='ltr'>dei,</span> <span class='ocrx_word' id='word_1_143' title='bbox 1986 1023 2035 1070; x_wconf 76' lang='grc' dir='ltr'>δι</span> <span class='ocrx_word' id='word_1_144' title='bbox 2059 1022 2183 1086; x_wconf 89' lang='lat' dir='ltr'>quod</span> <span class='ocrx_word' id='word_1_145' title='bbox 2209 1039 2304 1068; x_wconf 84' lang='lat' dir='ltr'>non</span> 
     </span>
     <span class='ocr_line' id='line_1_14' title="bbox 333 1040 2305 1154; baseline 0.001 -21"><span class='ocrx_word' id='word_1_146' title='bbox 333 1040 498 1136; x_wconf 53' lang='lat' dir='ltr'>{acient</span> <span class='ocrx_word' id='word_1_147' title='bbox 531 1085 608 1134; x_wconf 87' lang='lat' dir='ltr'>fibi</span> <span class='ocrx_word' id='word_1_148' title='bbox 645 1085 869 1148; x_wconf 71' lang='lat' dir='ltr'>sculptile,</span> <span class='ocrx_word' id='word_1_149' title='bbox 904 1102 983 1150; x_wconf 89' lang='lat' dir='ltr'>per</span> <span class='ocrx_word' id='word_1_150' title='bbox 1005 1104 1110 1152; x_wconf 87' lang='lat' dir='ltr'>quae</span> <span class='ocrx_word' id='word_1_151' title='bbox 1133 1090 1437 1154; x_wconf 78' lang='lat' dir='ltr'>significantur</span> <span class='ocrx_word' id='word_1_152' title='bbox 1460 1106 1563 1138; x_wconf 89' lang='lat' dir='ltr'>vera</span> <span class='ocrx_word' id='word_1_153' title='bbox 1583 1089 1762 1136; x_wconf 79' lang='lat' dir='ltr'>aliunde</span> <span class='ocrx_word' id='word_1_154' title='bbox 1786 1104 1921 1152; x_wconf 88' lang='lat' dir='ltr'>quam</span> <span class='ocrx_word' id='word_1_155' title='bbox 1943 1104 2001 1135; x_wconf 89' lang='lat' dir='ltr'>ex</span> <span class='ocrx_word' id='word_1_156' title='bbox 2023 1089 2217 1143; x_wconf 78' lang='lat' dir='ltr'>Divin0,</span> <span class='ocrx_word' id='word_1_157' title='bbox 2252 1089 2305 1135; x_wconf 82' lang='lat'>&amp;</span> 
     </span>
     <span class='ocr_line' id='line_1_15' title="bbox 333 1150 2303 1220; baseline -0.002 -18"><span class='ocrx_word' id='word_1_158' title='bbox 333 1162 489 1202; x_wconf 90' lang='lat' dir='ltr'>tamen</span> <span class='ocrx_word' id='word_1_159' title='bbox 509 1167 618 1217; x_wconf 86' lang='lat' dir='ltr'>quae</span> <span class='ocrx_word' id='word_1_160' title='bbox 638 1151 723 1199; x_wconf 90' lang='lat' dir='ltr'>illis</span> <span class='ocrx_word' id='word_1_161' title='bbox 745 1150 909 1198; x_wconf 78' lang='lat' dir='ltr'>fimilia</span> <span class='ocrx_word' id='word_1_162' title='bbox 930 1151 1166 1210; x_wconf 86' lang='lat' dir='ltr'>fistuntur;</span> <span class='ocrx_word' id='word_1_163' title='bbox 1213 1158 1262 1206; x_wconf 86' lang='lat'>&amp;</span> <span class='ocrx_word' id='word_1_164' title='bbox 1285 1173 1342 1204; x_wconf 83' lang='lat' dir='ltr'>ex</span> <span class='ocrx_word' id='word_1_165' title='bbox 1365 1157 1449 1204; x_wconf 82' lang='lat' dir='ltr'>illis</span> <span class='ocrx_word' id='word_1_166' title='bbox 1470 1171 1576 1219; x_wconf 87' lang='lat' dir='ltr'>quae</span> <span class='ocrx_word' id='word_1_167' title='bbox 1602 1154 1858 1220; x_wconf 86' lang='lat' dir='ltr'>sequuntur,</span> <span class='ocrx_word' id='word_1_168' title='bbox 1893 1166 1944 1201; x_wconf 91' lang='lat' dir='ltr'>ut</span> <span class='ocrx_word' id='word_1_169' title='bbox 1965 1168 2068 1216; x_wconf 89' lang='lat' dir='ltr'>quae</span> <span class='ocrx_word' id='word_1_170' title='bbox 2093 1157 2136 1200; x_wconf 87' lang='lat' dir='ltr'>in</span> <span class='ocrx_word' id='word_1_171' title='bbox 2158 1153 2303 1209; x_wconf 87' lang='lat' dir='ltr'>coelis,</span> 
     </span>
     <span class='ocr_line' id='line_1_16' title="bbox 330 1216 2305 1287; baseline -0.001 -20"><span class='ocrx_word' id='word_1_172' title='bbox 330 1219 386 1267; x_wconf 85' lang='lat'>&amp;</span> <span class='ocrx_word' id='word_1_173' title='bbox 407 1234 512 1283; x_wconf 83' lang='lat' dir='ltr'>quae</span> <span class='ocrx_word' id='word_1_174' title='bbox 533 1218 580 1265; x_wconf 90' lang='lat' dir='ltr'>in</span> <span class='ocrx_word' id='word_1_175' title='bbox 605 1229 736 1274; x_wconf 88' lang='lat' dir='ltr'>terra,</span> <span class='ocrx_word' id='word_1_176' title='bbox 771 1216 822 1264; x_wconf 75' lang='grc' dir='ltr'>δε</span> <span class='ocrx_word' id='word_1_177' title='bbox 854 1232 962 1280; x_wconf 89' lang='lat' dir='ltr'>quae</span> <span class='ocrx_word' id='word_1_178' title='bbox 994 1219 1038 1267; x_wconf 87' lang='lat' dir='ltr'>in</span> <span class='ocrx_word' id='word_1_179' title='bbox 1062 1222 1205 1284; x_wconf 87' lang='lat' dir='ltr'>aquis,</span> <span class='ocrx_word' id='word_1_180' title='bbox 1238 1239 1318 1287; x_wconf 90' lang='lat' dir='ltr'>per</span> <span class='ocrx_word' id='word_1_181' title='bbox 1349 1239 1455 1287; x_wconf 86' lang='lat' dir='ltr'>quae</span> <span class='ocrx_word' id='word_1_182' title='bbox 1478 1221 1791 1282; x_wconf 85' lang='lat' dir='ltr'>intelliguntur</span> <span class='ocrx_word' id='word_1_183' title='bbox 1815 1219 1917 1266; x_wconf 89' lang='lat' dir='ltr'>talia</span> <span class='ocrx_word' id='word_1_184' title='bbox 1951 1234 2056 1283; x_wconf 86' lang='lat' dir='ltr'>quae</span> <span class='ocrx_word' id='word_1_185' title='bbox 2076 1234 2102 1264; x_wconf 88' lang='lat' dir='ltr'>a</span> <span class='ocrx_word' id='word_1_186' title='bbox 2125 1218 2305 1271; x_wconf 75' lang='lat' dir='ltr'>Divino</span> 
     </span>
     <span class='ocr_line' id='line_1_17' title="bbox 333 1281 2304 1352; baseline -0.001 -19"><span class='ocrx_word' id='word_1_187' title='bbox 333 1285 498 1333; x_wconf 86' lang='lat' dir='ltr'>ubivis.</span> <span class='ocrx_word' id='word_1_188' title='bbox 569 1281 704 1346; x_wconf 84' lang='lat' dir='ltr'>Quid</span> <span class='ocrx_word' id='word_1_189' title='bbox 799 1298 817 1328; x_wconf 89' lang='lat' dir='ltr'>r</span> <span class='ocrx_word' id='word_1_190' title='bbox 850 1283 984 1330; x_wconf 86' lang='lat' dir='ltr'>instar</span> <span class='ocrx_word' id='word_1_191' title='bbox 1015 1285 1200 1334; x_wconf 89' lang='lat' dir='ltr'>illorum</span> <span class='ocrx_word' id='word_1_192' title='bbox 1234 1304 1339 1352; x_wconf 85' lang='lat' dir='ltr'>quae</span> <span class='ocrx_word' id='word_1_193' title='bbox 1372 1304 1397 1335; x_wconf 87' lang='lat' dir='ltr'>a</span> <span class='ocrx_word' id='word_1_194' title='bbox 1427 1287 1600 1335; x_wconf 88' lang='lat' dir='ltr'>Divino</span> <span class='ocrx_word' id='word_1_195' title='bbox 1631 1285 1912 1346; x_wconf 84' lang='lat' dir='ltr'>intelligitur,</span> <span class='ocrx_word' id='word_1_196' title='bbox 1948 1285 2021 1332; x_wconf 91' lang='lat' dir='ltr'>hic</span> <span class='ocrx_word' id='word_1_197' title='bbox 2037 1284 2304 1341; x_wconf 78' lang='lat' dir='ltr'>dicendum,</span> 
     </span>
     <span class='ocr_line' id='line_1_18' title="bbox 371 1296 2304 1415; baseline 0 -18"><span class='ocrx_word' id='word_1_198' title='bbox 371 1350 441 1398; x_wconf 88' lang='lat' dir='ltr'>uia</span> <span class='ocrx_word' id='word_1_199' title='bbox 463 1348 520 1395; x_wconf 90' lang='lat' dir='ltr'>de</span> <span class='ocrx_word' id='word_1_200' title='bbox 543 1348 632 1396; x_wconf 87' lang='lat' dir='ltr'>illis</span> <span class='ocrx_word' id='word_1_201' title='bbox 656 1350 702 1407; x_wconf 82' lang='lat' dir='ltr'>in</span> <span class='ocrx_word' id='word_1_202' title='bbox 726 1296 1009 1410; x_wconf 44' lang='lat' dir='ltr'>&amp;uentibus</span> <span class='ocrx_word' id='word_1_203' title='bbox 1043 1350 1172 1410; x_wconf 82' lang='lat' dir='ltr'>huius</span> <span class='ocrx_word' id='word_1_204' title='bbox 1206 1353 1374 1401; x_wconf 81' lang='lat' dir='ltr'>Versus</span> <span class='ocrx_word' id='word_1_205' title='bbox 1414 1369 1465 1401; x_wconf 88' lang='lat' dir='ltr'>ac</span> <span class='ocrx_word' id='word_1_206' title='bbox 1505 1353 1550 1400; x_wconf 88' lang='lat' dir='ltr'>in</span> <span class='ocrx_word' id='word_1_207' title='bbox 1580 1352 1715 1399; x_wconf 90' lang='lat' dir='ltr'>initio</span> <span class='ocrx_word' id='word_1_208' title='bbox 1758 1349 1982 1415; x_wconf 90' lang='lat' dir='ltr'>sequentis</span> <span class='ocrx_word' id='word_1_209' title='bbox 2013 1350 2197 1412; x_wconf 78' lang='lat' dir='ltr'>agitur3</span> <span class='ocrx_word' id='word_1_210' title='bbox 2235 1352 2304 1397; x_wconf 86' lang='lat' dir='ltr'>in-</span> 
     </span>
     <span class='ocr_line' id='line_1_19' title="bbox 330 1367 2303 1481; baseline -0.001 -17"><span class='ocrx_word' id='word_1_211' title='bbox 330 1367 419 1464; x_wconf 54' lang='lat' dir='ltr'>{ar</span> <span class='ocrx_word' id='word_1_212' title='bbox 442 1415 624 1462; x_wconf 89' lang='lat' dir='ltr'>illorum</span> <span class='ocrx_word' id='word_1_213' title='bbox 647 1429 754 1478; x_wconf 87' lang='lat' dir='ltr'>quae</span> <span class='ocrx_word' id='word_1_214' title='bbox 774 1429 800 1461; x_wconf 91' lang='lat' dir='ltr'>a</span> <span class='ocrx_word' id='word_1_215' title='bbox 819 1415 994 1461; x_wconf 85' lang='lat' dir='ltr'>Divino</span> <span class='ocrx_word' id='word_1_216' title='bbox 1011 1416 1130 1467; x_wconf 87' lang='lat' dir='ltr'>fiunt</span> <span class='ocrx_word' id='word_1_217' title='bbox 1146 1418 1204 1465; x_wconf 88' lang='lat' dir='ltr'>ab</span> <span class='ocrx_word' id='word_1_218' title='bbox 1227 1419 1505 1474; x_wconf 81' lang='lat' dir='ltr'>hominibuS,</span> <span class='ocrx_word' id='word_1_219' title='bbox 1538 1434 1679 1481; x_wconf 88' lang='lat' dir='ltr'>quum</span> <span class='ocrx_word' id='word_1_220' title='bbox 1713 1431 1791 1463; x_wconf 89' lang='lat' dir='ltr'>ore</span> <span class='ocrx_word' id='word_1_221' title='bbox 1829 1419 2079 1480; x_wconf 87' lang='lat' dir='ltr'>loquuntur</span> <span class='ocrx_word' id='word_1_222' title='bbox 2113 1416 2303 1467; x_wconf 87' lang='lat' dir='ltr'>Divina.</span> 
     </span>
     <span class='ocr_line' id='line_1_20' title="bbox 333 1478 2306 1546; baseline 0.001 -19"><span class='ocrx_word' id='word_1_223' title='bbox 333 1484 387 1531; x_wconf 76' lang='grc' dir='ltr'>δε</span> <span class='ocrx_word' id='word_1_224' title='bbox 418 1495 602 1546; x_wconf 70' lang='lat' dir='ltr'>quoque</span> <span class='ocrx_word' id='word_1_225' title='bbox 631 1495 768 1542; x_wconf 85' lang='lat' dir='ltr'>opere</span> <span class='ocrx_word' id='word_1_226' title='bbox 799 1478 966 1527; x_wconf 88' lang='lat' dir='ltr'>faciunt</span> <span class='ocrx_word' id='word_1_227' title='bbox 997 1483 1149 1545; x_wconf 88' lang='lat' dir='ltr'>qualia</span> <span class='ocrx_word' id='word_1_228' title='bbox 1179 1499 1204 1530; x_wconf 92' lang='lat' dir='ltr'>a</span> <span class='ocrx_word' id='word_1_229' title='bbox 1237 1483 1415 1531; x_wconf 70' lang='lat' dir='ltr'>Divino</span> <span class='ocrx_word' id='word_1_230' title='bbox 1461 1483 1670 1531; x_wconf 87' lang='lat' dir='ltr'>mandata</span> <span class='ocrx_word' id='word_1_231' title='bbox 1712 1481 1830 1537; x_wconf 90' lang='lat' dir='ltr'>sunt,</span> <span class='ocrx_word' id='word_1_232' title='bbox 1883 1484 1933 1529; x_wconf 73' lang='grc' dir='ltr'>δε</span> <span class='ocrx_word' id='word_1_233' title='bbox 1980 1482 2039 1529; x_wconf 85' lang='lat' dir='ltr'>fic</span> <span class='ocrx_word' id='word_1_234' title='bbox 2086 1482 2306 1529; x_wconf 85' lang='lat' dir='ltr'>inducunt</span> 
     </span>
     <span class='ocr_line' id='line_1_21' title="bbox 335 1544 2303 1612; baseline -0.001 -17"><span class='ocrx_word' id='word_1_235' title='bbox 335 1548 529 1602; x_wconf 86' lang='lat' dir='ltr'>credere,</span> <span class='ocrx_word' id='word_1_236' title='bbox 562 1546 688 1609; x_wconf 92' lang='lat' dir='ltr'>quod</span> <span class='ocrx_word' id='word_1_237' title='bbox 711 1545 759 1591; x_wconf 90' lang='lat' dir='ltr'>in</span> <span class='ocrx_word' id='word_1_238' title='bbox 780 1544 902 1593; x_wconf 92' lang='lat' dir='ltr'>bono</span> <span class='ocrx_word' id='word_1_239' title='bbox 932 1546 984 1593; x_wconf 74' lang='grc' dir='ltr'>ὅτ.</span> <span class='ocrx_word' id='word_1_240' title='bbox 1015 1562 1124 1595; x_wconf 86' lang='lat' dir='ltr'>vero</span> <span class='ocrx_word' id='word_1_241' title='bbox 1147 1548 1246 1606; x_wconf 77' lang='lat' dir='ltr'>lint,</span> <span class='ocrx_word' id='word_1_242' title='bbox 1279 1565 1384 1597; x_wconf 91' lang='lat' dir='ltr'>cum</span> <span class='ocrx_word' id='word_1_243' title='bbox 1405 1562 1554 1596; x_wconf 89' lang='lat' dir='ltr'>tamen</span> <span class='ocrx_word' id='word_1_244' title='bbox 1579 1548 1755 1612; x_wconf 91' lang='lat' dir='ltr'>prorsus</span> <span class='ocrx_word' id='word_1_245' title='bbox 1776 1548 1897 1595; x_wconf 87' lang='lat' dir='ltr'>aliud</span> <span class='ocrx_word' id='word_1_246' title='bbox 1921 1547 2056 1593; x_wconf 90' lang='lat' dir='ltr'>corde</span> <span class='ocrx_word' id='word_1_247' title='bbox 2078 1547 2303 1608; x_wconf 85' lang='lat' dir='ltr'>cogitant,</span> 
     </span>
     <span class='ocr_line' id='line_1_22' title="bbox 337 1610 2302 1676; baseline -0.001 -15"><span class='ocrx_word' id='word_1_248' title='bbox 337 1629 421 1661; x_wconf 88' lang='lat' dir='ltr'>nec</span> <span class='ocrx_word' id='word_1_249' title='bbox 445 1611 523 1659; x_wconf 79' lang='lat' dir='ltr'>nisi</span> <span class='ocrx_word' id='word_1_250' title='bbox 546 1626 684 1676; x_wconf 89' lang='lat' dir='ltr'>quam</span> <span class='ocrx_word' id='word_1_251' title='bbox 720 1610 906 1663; x_wconf 85' lang='lat' dir='ltr'>malum</span> <span class='ocrx_word' id='word_1_252' title='bbox 927 1612 1111 1671; x_wconf 84' lang='lat' dir='ltr'>volunt,</span> <span class='ocrx_word' id='word_1_253' title='bbox 1146 1615 1254 1663; x_wconf 86' lang='lat' dir='ltr'>tales</span> <span class='ocrx_word' id='word_1_254' title='bbox 1287 1615 1390 1663; x_wconf 90' lang='lat' dir='ltr'>sunt</span> <span class='ocrx_word' id='word_1_255' title='bbox 1423 1615 1717 1669; x_wconf 76' lang='lat' dir='ltr'>simulatores,</span> <span class='ocrx_word' id='word_1_256' title='bbox 1752 1612 2023 1676; x_wconf 86' lang='lat' dir='ltr'>hypocritae,</span> <span class='ocrx_word' id='word_1_257' title='bbox 2058 1611 2218 1668; x_wconf 77' lang='lat' dir='ltr'>dolosi,</span> <span class='ocrx_word' id='word_1_258' title='bbox 2253 1612 2302 1659; x_wconf 90' lang='lat' dir='ltr'>hi</span> 
     </span>
     <span class='ocr_line' id='line_1_23' title="bbox 339 1676 2303 1745; baseline -0.002 -18"><span class='ocrx_word' id='word_1_259' title='bbox 339 1679 441 1728; x_wconf 90' lang='lat' dir='ltr'>sunt</span> <span class='ocrx_word' id='word_1_260' title='bbox 461 1678 543 1742; x_wconf 89' lang='lat' dir='ltr'>qui</span> <span class='ocrx_word' id='word_1_261' title='bbox 565 1677 738 1724; x_wconf 84' lang='lat' dir='ltr'>faciunt</span> <span class='ocrx_word' id='word_1_262' title='bbox 761 1676 892 1724; x_wconf 85' lang='lat' dir='ltr'>instar</span> <span class='ocrx_word' id='word_1_263' title='bbox 914 1676 1099 1727; x_wconf 88' lang='lat' dir='ltr'>illorum</span> <span class='ocrx_word' id='word_1_264' title='bbox 1122 1697 1231 1745; x_wconf 85' lang='lat' dir='ltr'>quae</span> <span class='ocrx_word' id='word_1_265' title='bbox 1254 1697 1278 1728; x_wconf 87' lang='lat' dir='ltr'>a</span> <span class='ocrx_word' id='word_1_266' title='bbox 1300 1681 1507 1730; x_wconf 86' lang='lat' dir='ltr'>Divino:</span> <span class='ocrx_word' id='word_1_267' title='bbox 1544 1680 1590 1727; x_wconf 90' lang='lat' dir='ltr'>in</span> <span class='ocrx_word' id='word_1_268' title='bbox 1614 1680 1750 1728; x_wconf 88' lang='lat' dir='ltr'>altera</span> <span class='ocrx_word' id='word_1_269' title='bbox 1773 1679 1866 1725; x_wconf 88' lang='lat' dir='ltr'>vita</span> <span class='ocrx_word' id='word_1_270' title='bbox 1889 1676 2058 1726; x_wconf 85' lang='lat' dir='ltr'>faciunt</span> <span class='ocrx_word' id='word_1_271' title='bbox 2082 1677 2186 1726; x_wconf 88' lang='lat' dir='ltr'>mali</span> <span class='ocrx_word' id='word_1_272' title='bbox 2212 1676 2303 1741; x_wconf 89' lang='lat' dir='ltr'>spi-</span> 
     </span>
     <span class='ocr_line' id='line_1_24' title="bbox 338 1742 2301 1811; baseline -0.002 -19"><span class='ocrx_word' id='word_1_273' title='bbox 338 1745 449 1792; x_wconf 91' lang='lat' dir='ltr'>ritus</span> <span class='ocrx_word' id='word_1_274' title='bbox 465 1742 597 1790; x_wconf 87' lang='lat' dir='ltr'>instar</span> <span class='ocrx_word' id='word_1_275' title='bbox 615 1742 798 1790; x_wconf 85' lang='lat' dir='ltr'>illorum</span> <span class='ocrx_word' id='word_1_276' title='bbox 815 1757 924 1806; x_wconf 90' lang='lat' dir='ltr'>quae</span> <span class='ocrx_word' id='word_1_277' title='bbox 946 1759 971 1789; x_wconf 89' lang='lat' dir='ltr'>a</span> <span class='ocrx_word' id='word_1_278' title='bbox 990 1745 1181 1802; x_wconf 90' lang='lat' dir='ltr'>Divino,</span> <span class='ocrx_word' id='word_1_279' title='bbox 1216 1747 1294 1811; x_wconf 91' lang='lat' dir='ltr'>qui</span> <span class='ocrx_word' id='word_1_280' title='bbox 1317 1746 1476 1794; x_wconf 87' lang='lat' dir='ltr'>fistunt</span> <span class='ocrx_word' id='word_1_281' title='bbox 1495 1744 1837 1794; x_wconf 76' lang='lat' dir='ltr'>similitudinem</span> <span class='ocrx_word' id='word_1_282' title='bbox 1861 1744 1910 1792; x_wconf 88' lang='lat'>&amp;</span> <span class='ocrx_word' id='word_1_283' title='bbox 1933 1742 2235 1808; x_wconf 83' lang='lat' dir='ltr'>apparentiam</span> <span class='ocrx_word' id='word_1_284' title='bbox 2252 1742 2301 1789; x_wconf 90' lang='lat' dir='ltr'>in</span> 
     </span>
     <span class='ocr_line' id='line_1_25' title="bbox 336 1807 2300 1871; baseline -0.002 -14"><span class='ocrx_word' id='word_1_285' title='bbox 336 1810 550 1864; x_wconf 82' lang='lat' dir='ltr'>externis,</span> <span class='ocrx_word' id='word_1_286' title='bbox 585 1807 631 1854; x_wconf 89' lang='lat' dir='ltr'>in</span> <span class='ocrx_word' id='word_1_287' title='bbox 653 1808 819 1871; x_wconf 74' lang='lat' dir='ltr'>quibus</span> <span class='ocrx_word' id='word_1_288' title='bbox 833 1808 950 1856; x_wconf 87' lang='lat' dir='ltr'>intus</span> <span class='ocrx_word' id='word_1_289' title='bbox 969 1809 1082 1857; x_wconf 87' lang='lat' dir='ltr'>nihil</span> <span class='ocrx_word' id='word_1_290' title='bbox 1103 1812 1265 1859; x_wconf 86' lang='lat' dir='ltr'>Divini</span> <span class='ocrx_word' id='word_1_291' title='bbox 1285 1813 1381 1866; x_wconf 80' lang='lat' dir='ltr'>est3</span> <span class='ocrx_word' id='word_1_292' title='bbox 1416 1813 1502 1859; x_wconf 91' lang='lat' dir='ltr'>hoc</span> <span class='ocrx_word' id='word_1_293' title='bbox 1518 1811 1693 1858; x_wconf 87' lang='lat' dir='ltr'>discunt</span> <span class='ocrx_word' id='word_1_294' title='bbox 1711 1810 2007 1865; x_wconf 82' lang='lat' dir='ltr'>fimulatoreS‚</span> <span class='ocrx_word' id='word_1_295' title='bbox 2046 1809 2300 1871; x_wconf 69' lang='lat' dir='ltr'>hypocritae</span> 
     </span>
     <span class='ocr_line' id='line_1_26' title="bbox 337 1874 2300 1941; baseline -0.002 -18"><span class='ocrx_word' id='word_1_296' title='bbox 337 1877 389 1924; x_wconf 80' lang='grc' dir='ltr'>δε</span> <span class='ocrx_word' id='word_1_297' title='bbox 410 1874 555 1923; x_wconf 88' lang='lat' dir='ltr'>dolofi</span> <span class='ocrx_word' id='word_1_298' title='bbox 579 1874 624 1920; x_wconf 88' lang='lat' dir='ltr'>in</span> <span class='ocrx_word' id='word_1_299' title='bbox 647 1875 781 1920; x_wconf 87' lang='lat' dir='ltr'>altera</span> <span class='ocrx_word' id='word_1_300' title='bbox 805 1875 915 1931; x_wconf 88' lang='lat' dir='ltr'>vita,</span> <span class='ocrx_word' id='word_1_301' title='bbox 950 1874 995 1921; x_wconf 93' lang='lat' dir='ltr'>in</span> <span class='ocrx_word' id='word_1_302' title='bbox 1019 1892 1183 1939; x_wconf 86' lang='lat' dir='ltr'>genere</span> <span class='ocrx_word' id='word_1_303' title='bbox 1206 1893 1366 1925; x_wconf 86' lang='lat' dir='ltr'>omnes</span> <span class='ocrx_word' id='word_1_304' title='bbox 1389 1878 1469 1941; x_wconf 92' lang='lat' dir='ltr'>qui</span> <span class='ocrx_word' id='word_1_305' title='bbox 1493 1893 1550 1924; x_wconf 87' lang='lat' dir='ltr'>ex</span> <span class='ocrx_word' id='word_1_306' title='bbox 1583 1874 1805 1939; x_wconf 88' lang='lat' dir='ltr'>frequenti</span> <span class='ocrx_word' id='word_1_307' title='bbox 1829 1875 1906 1921; x_wconf 90' lang='lat' dir='ltr'>usu</span> <span class='ocrx_word' id='word_1_308' title='bbox 1931 1875 2133 1922; x_wconf 89' lang='lat' dir='ltr'>habitum</span> <span class='ocrx_word' id='word_1_309' title='bbox 2157 1889 2300 1920; x_wconf 83' lang='lat' dir='ltr'>traxe·</span> 
     </span>
     <span class='ocr_line' id='line_1_27' title="bbox 338 1938 2300 2005; baseline -0.002 -16"><span class='ocrx_word' id='word_1_310' title='bbox 338 1954 445 1989; x_wconf 84' lang='lat' dir='ltr'>runt</span> <span class='ocrx_word' id='word_1_311' title='bbox 466 1939 588 1986; x_wconf 89' lang='lat' dir='ltr'>aliud</span> <span class='ocrx_word' id='word_1_312' title='bbox 611 1938 828 2002; x_wconf 88' lang='lat' dir='ltr'>loquendi</span> <span class='ocrx_word' id='word_1_313' title='bbox 857 1955 998 2003; x_wconf 89' lang='lat' dir='ltr'>quarn</span> <span class='ocrx_word' id='word_1_314' title='bbox 1021 1942 1241 2005; x_wconf 86' lang='lat' dir='ltr'>cogitant,</span> <span class='ocrx_word' id='word_1_315' title='bbox 1276 1944 1325 1991; x_wconf 76' lang='grc' dir='ltr'>δε</span> <span class='ocrx_word' id='word_1_316' title='bbox 1348 1942 1470 1990; x_wconf 89' lang='lat' dir='ltr'>aliud</span> <span class='ocrx_word' id='word_1_317' title='bbox 1490 1942 1680 1990; x_wconf 87' lang='lat' dir='ltr'>faciendi</span> <span class='ocrx_word' id='word_1_318' title='bbox 1705 1957 1844 2004; x_wconf 88' lang='lat' dir='ltr'>quam</span> <span class='ocrx_word' id='word_1_319' title='bbox 1869 1940 2060 1994; x_wconf 89' lang='lat' dir='ltr'>volunt;</span> <span class='ocrx_word' id='word_1_320' title='bbox 2111 1940 2300 2002; x_wconf 82' lang='lat' dir='ltr'>quidam</span> 
     </span>
     <span class='ocr_line' id='line_1_28' title="bbox 337 2004 2300 2071; baseline -0.001 -17"><span class='ocrx_word' id='word_1_321' title='bbox 337 2004 538 2071; x_wconf 85' lang='lat' dir='ltr'>per-talia</span> <span class='ocrx_word' id='word_1_322' title='bbox 560 2005 723 2052; x_wconf 85' lang='lat' dir='ltr'>volunt</span> <span class='ocrx_word' id='word_1_323' title='bbox 744 2019 964 2068; x_wconf 85' lang='lat' dir='ltr'>aucupare</span> <span class='ocrx_word' id='word_1_324' title='bbox 987 2004 1157 2055; x_wconf 87' lang='lat' dir='ltr'>famam</span> <span class='ocrx_word' id='word_1_325' title='bbox 1181 2022 1234 2057; x_wconf 91' lang='lat' dir='ltr'>ut</span> <span class='ocrx_word' id='word_1_326' title='bbox 1256 2008 1493 2056; x_wconf 89' lang='lat' dir='ltr'>videantur</span> <span class='ocrx_word' id='word_1_327' title='bbox 1516 2008 1639 2062; x_wconf 87' lang='lat' dir='ltr'>boni,</span> <span class='ocrx_word' id='word_1_328' title='bbox 1675 2008 1724 2054; x_wconf 74' lang='grc' dir='ltr'>δι</span> <span class='ocrx_word' id='word_1_329' title='bbox 1749 2007 1806 2053; x_wconf 89' lang='lat' dir='ltr'>fic</span> <span class='ocrx_word' id='word_1_330' title='bbox 1831 2004 2002 2061; x_wconf 87' lang='lat' dir='ltr'>fallant,</span> <span class='ocrx_word' id='word_1_331' title='bbox 2037 2004 2222 2069; x_wconf 84' lang='lat' dir='ltr'>quidam</span> <span class='ocrx_word' id='word_1_332' title='bbox 2247 2018 2300 2052; x_wconf 90' lang='lat' dir='ltr'>ut</span> 
     </span>
     <span class='ocr_line' id='line_1_29' title="bbox 337 2070 2301 2137; baseline 0 -18"><span class='ocrx_word' id='word_1_333' title='bbox 337 2073 593 2136; x_wconf 87' lang='lat' dir='ltr'>imperent:</span> <span class='ocrx_word' id='word_1_334' title='bbox 629 2070 730 2117; x_wconf 90' lang='lat' dir='ltr'>sunt</span> <span class='ocrx_word' id='word_1_335' title='bbox 751 2071 887 2118; x_wconf 87' lang='lat' dir='ltr'>etiam</span> <span class='ocrx_word' id='word_1_336' title='bbox 913 2071 1014 2132; x_wconf 80' lang='lat' dir='ltr'>talia</span> <span class='ocrx_word' id='word_1_337' title='bbox 1038 2072 1098 2120; x_wconf 86' lang='lat' dir='ltr'>ibi</span> <span class='ocrx_word' id='word_1_338' title='bbox 1121 2073 1278 2121; x_wconf 88' lang='lat' dir='ltr'>abusus</span> <span class='ocrx_word' id='word_1_339' title='bbox 1298 2073 1794 2137; x_wconf 85' lang='lat' dir='ltr'>correspondentiarum</span> <span class='ocrx_word' id='word_1_340' title='bbox 1816 2087 1827 2115; x_wconf 91' lang='lat'>:</span> <span class='ocrx_word' id='word_1_341' title='bbox 1864 2070 1935 2118; x_wconf 90' lang='lat' dir='ltr'>sed</span> <span class='ocrx_word' id='word_1_342' title='bbox 1961 2071 2046 2119; x_wconf 89' lang='lat' dir='ltr'>illis</span> <span class='ocrx_word' id='word_1_343' title='bbox 2071 2072 2301 2119; x_wconf 80' lang='lat' dir='ltr'>succesfivc</span> 
     </span>
     <span class='ocr_line' id='line_1_30' title="bbox 337 2135 2302 2202; baseline -0.001 -17"><span class='ocrx_word' id='word_1_344' title='bbox 337 2138 603 2185; x_wconf 88' lang='lat' dir='ltr'>adimuntur</span> <span class='ocrx_word' id='word_1_345' title='bbox 617 2147 816 2194; x_wconf 73' lang='lat' dir='ltr'>externa,</span> <span class='ocrx_word' id='word_1_346' title='bbox 851 2151 930 2199; x_wconf 87' lang='lat' dir='ltr'>per</span> <span class='ocrx_word' id='word_1_347' title='bbox 951 2153 1060 2201; x_wconf 90' lang='lat' dir='ltr'>quae</span> <span class='ocrx_word' id='word_1_348' title='bbox 1082 2138 1400 2187; x_wconf 86' lang='lat' dir='ltr'>fimulaverunt</span> <span class='ocrx_word' id='word_1_349' title='bbox 1432 2140 1552 2195; x_wconf 82' lang='lat' dir='ltr'>talia,</span> <span class='ocrx_word' id='word_1_350' title='bbox 1595 2154 1703 2202; x_wconf 87' lang='lat' dir='ltr'>quae</span> <span class='ocrx_word' id='word_1_351' title='bbox 1736 2135 1959 2184; x_wconf 89' lang='lat' dir='ltr'>charitatis</span> <span class='ocrx_word' id='word_1_352' title='bbox 1981 2139 2031 2191; x_wconf 66' lang='grc' dir='ltr'>δε</span> <span class='ocrx_word' id='word_1_353' title='bbox 2054 2137 2158 2184; x_wconf 76' lang='lat' dir='ltr'>fidei</span> <span class='ocrx_word' id='word_1_354' title='bbox 2183 2136 2302 2193; x_wconf 86' lang='lat' dir='ltr'>sunt,</span> 
     </span>
     <span class='ocr_line' id='line_1_31' title="bbox 335 2200 2296 2267; baseline -0.001 -17"><span class='ocrx_word' id='word_1_355' title='bbox 335 2218 443 2252; x_wconf 86' lang='lat' dir='ltr'>nam</span> <span class='ocrx_word' id='word_1_356' title='bbox 475 2203 534 2250; x_wconf 91' lang='lat' dir='ltr'>fic</span> <span class='ocrx_word' id='word_1_357' title='bbox 558 2213 703 2264; x_wconf 84' lang='lat' dir='ltr'>agunt</span> <span class='ocrx_word' id='word_1_358' title='bbox 732 2215 790 2248; x_wconf 85' lang='lat' dir='ltr'>ex</span> <span class='ocrx_word' id='word_1_359' title='bbox 808 2200 915 2265; x_wconf 73' lang='lat' dir='ltr'>&#39;ipsa</span> <span class='ocrx_word' id='word_1_360' title='bbox 954 2202 1030 2251; x_wconf 88' lang='lat' dir='ltr'>sua</span> <span class='ocrx_word' id='word_1_361' title='bbox 1066 2217 1221 2252; x_wconf 85' lang='lat' dir='ltr'>natura</span> <span class='ocrx_word' id='word_1_362' title='bbox 1246 2207 1292 2252; x_wconf 91' lang='lat' dir='ltr'>in</span> <span class='ocrx_word' id='word_1_363' title='bbox 1328 2206 1503 2252; x_wconf 91' lang='lat' dir='ltr'>mundo</span> <span class='ocrx_word' id='word_1_364' title='bbox 1525 2202 1752 2267; x_wconf 74' lang='lat' dir='ltr'>acquisita,</span> <span class='ocrx_word' id='word_1_365' title='bbox 1789 2218 1878 2249; x_wconf 87' lang='lat' dir='ltr'>non</span> <span class='ocrx_word' id='word_1_366' title='bbox 1904 2203 2049 2266; x_wconf 83' lang='lat' dir='ltr'>magis</span> <span class='ocrx_word' id='word_1_367' title='bbox 2071 2218 2128 2249; x_wconf 88' lang='lat' dir='ltr'>ex</span> <span class='ocrx_word' id='word_1_368' title='bbox 2148 2202 2296 2266; x_wconf 82' lang='lat' dir='ltr'>aliqua</span> 
     </span>
     <span class='ocr_line' id='line_1_32' title="bbox 339 2265 2302 2335; baseline -0.001 -19"><span class='ocrx_word' id='word_1_369' title='bbox 339 2268 626 2316; x_wconf 81' lang='lat' dir='ltr'>fimulatione</span> <span class='ocrx_word' id='word_1_370' title='bbox 648 2267 698 2314; x_wconf 75' lang='grc' dir='ltr'>δε</span> <span class='ocrx_word' id='word_1_371' title='bbox 722 2265 947 2330; x_wconf 79' lang='lat' dir='ltr'>hypocrisi</span> <span class='ocrx_word' id='word_1_372' title='bbox 967 2288 983 2322; x_wconf 87' lang='lat'>;</span> <span class='ocrx_word' id='word_1_373' title='bbox 1017 2268 1079 2316; x_wconf 87' lang='lat' dir='ltr'>illi</span> <span class='ocrx_word' id='word_1_374' title='bbox 1101 2271 1181 2335; x_wconf 86' lang='lat' dir='ltr'>qui</span> <span class='ocrx_word' id='word_1_375' title='bbox 1202 2271 1307 2318; x_wconf 87' lang='lat' dir='ltr'>tales</span> <span class='ocrx_word' id='word_1_376' title='bbox 1331 2270 1449 2326; x_wconf 88' lang='lat' dir='ltr'>sunt,</span> <span class='ocrx_word' id='word_1_377' title='bbox 1486 2270 1534 2316; x_wconf 87' lang='lat'>&amp;</span> <span class='ocrx_word' id='word_1_378' title='bbox 1553 2268 1870 2333; x_wconf 76' lang='lat' dir='ltr'>appercipiunt</span> <span class='ocrx_word' id='word_1_379' title='bbox 1891 2269 2015 2328; x_wconf 83' lang='lat' dir='ltr'>quod</span> <span class='ocrx_word' id='word_1_380' title='bbox 2041 2281 2224 2314; x_wconf 77' lang='lat' dir='ltr'>externa</span> <span class='ocrx_word' id='word_1_381' title='bbox 2247 2268 2302 2314; x_wconf 87' lang='lat' dir='ltr'>il·</span> 
     </span>
     <span class='ocr_line' id='line_1_33' title="bbox 335 2325 2296 2399; baseline -0.001 -17"><span class='ocrx_word' id='word_1_382' title='bbox 335 2335 391 2382; x_wconf 87' lang='lat' dir='ltr'>lis</span> <span class='ocrx_word' id='word_1_383' title='bbox 405 2332 645 2381; x_wconf 89' lang='lat' dir='ltr'>adimenda</span> <span class='ocrx_word' id='word_1_384' title='bbox 660 2332 764 2388; x_wconf 86' lang='lat' dir='ltr'>fint,</span> <span class='ocrx_word' id='word_1_385' title='bbox 783 2331 970 2389; x_wconf 83' lang='lat' dir='ltr'>dicunt,</span> <span class='ocrx_word' id='word_1_386' title='bbox 1005 2336 1128 2399; x_wconf 89' lang='lat' dir='ltr'>quod</span> <span class='ocrx_word' id='word_1_387' title='bbox 1147 2335 1182 2383; x_wconf 83' lang='lat' dir='ltr'>fi</span> <span class='ocrx_word' id='word_1_388' title='bbox 1198 2325 1292 2383; x_wconf 67' lang='lat' dir='ltr'>{llis</span> <span class='ocrx_word' id='word_1_389' title='bbox 1310 2337 1666 2398; x_wconf 84' lang='lat' dir='ltr'>relinquerentur</span> <span class='ocrx_word' id='word_1_390' title='bbox 1682 2347 1879 2390; x_wconf 83' lang='lat' dir='ltr'>externa,</span> <span class='ocrx_word' id='word_1_391' title='bbox 1903 2334 2143 2395; x_wconf 79' lang='lat' dir='ltr'>potuissent</span> <span class='ocrx_word' id='word_1_392' title='bbox 2162 2349 2296 2396; x_wconf 85' lang='lat' dir='ltr'>aeque</span> 
     </span>
     <span class='ocr_line' id='line_1_34' title="bbox 336 2396 2295 2465; baseline -0.002 -18"><span class='ocrx_word' id='word_1_393' title='bbox 336 2414 444 2447; x_wconf 90' lang='lat' dir='ltr'>cum</span> <span class='ocrx_word' id='word_1_394' title='bbox 468 2397 592 2446; x_wconf 90' lang='lat' dir='ltr'>sociis</span> <span class='ocrx_word' id='word_1_395' title='bbox 623 2396 826 2445; x_wconf 72' lang='lat' dir='ltr'>in³altera</span> <span class='ocrx_word' id='word_1_396' title='bbox 848 2399 942 2446; x_wconf 83' lang='lat' dir='ltr'>vita</span> <span class='ocrx_word' id='word_1_397' title='bbox 964 2399 1208 2449; x_wconf 86' lang='lat' dir='ltr'>conversari</span> <span class='ocrx_word' id='word_1_398' title='bbox 1244 2402 1293 2448; x_wconf 88' lang='lat'>&amp;</span> <span class='ocrx_word' id='word_1_399' title='bbox 1328 2415 1591 2465; x_wconf 85' lang='lat' dir='ltr'>apparenter</span> <span class='ocrx_word' id='word_1_400' title='bbox 1624 2401 1743 2446; x_wconf 89' lang='lat' dir='ltr'>bona</span> <span class='ocrx_word' id='word_1_401' title='bbox 1768 2399 1928 2455; x_wconf 79' lang='lat' dir='ltr'>facere,</span> <span class='ocrx_word' id='word_1_402' title='bbox 1967 2398 2076 2444; x_wconf 76' lang='lat' dir='ltr'>sicut</span> <span class='ocrx_word' id='word_1_403' title='bbox 2100 2399 2223 2461; x_wconf 73' lang='lat' dir='ltr'>prius</span> <span class='ocrx_word' id='word_1_404' title='bbox 2249 2399 2295 2445; x_wconf 89' lang='lat' dir='ltr'>in</span> 
     </span>
     <span class='ocr_line' id='line_1_35' title="bbox 338 2461 2296 2530; baseline -0.002 -17"><span class='ocrx_word' id='word_1_405' title='bbox 338 2463 547 2517; x_wconf 63' lang='lat' dir='ltr'>mundm</span> <span class='ocrx_word' id='word_1_406' title='bbox 595 2461 671 2510; x_wconf 84' lang='lat' dir='ltr'>sed</span> <span class='ocrx_word' id='word_1_407' title='bbox 695 2464 781 2510; x_wconf 86' lang='lat' dir='ltr'>hoc</span> <span class='ocrx_word' id='word_1_408' title='bbox 804 2463 900 2510; x_wconf 86' lang='lat' dir='ltr'>fieri</span> <span class='ocrx_word' id='word_1_409' title='bbox 926 2480 1016 2512; x_wconf 92' lang='lat' dir='ltr'>non</span> <span class='ocrx_word' id='word_1_410' title='bbox 1039 2466 1205 2529; x_wconf 89' lang='lat' dir='ltr'>potest,</span> <span class='ocrx_word' id='word_1_411' title='bbox 1255 2466 1362 2530; x_wconf 88' lang='lat' dir='ltr'>quia</span> <span class='ocrx_word' id='word_1_412' title='bbox 1398 2482 1479 2530; x_wconf 91' lang='lat' dir='ltr'>per</span> <span class='ocrx_word' id='word_1_413' title='bbox 1514 2477 1710 2520; x_wconf 83' lang='lat' dir='ltr'>externa,</span> <span class='ocrx_word' id='word_1_414' title='bbox 1755 2479 1862 2526; x_wconf 81' lang='lat' dir='ltr'>quae</span> <span class='ocrx_word' id='word_1_415' title='bbox 1885 2477 2154 2527; x_wconf 81' lang='lat' dir='ltr'>apparentur</span> <span class='ocrx_word' id='word_1_416' title='bbox 2178 2466 2296 2510; x_wconf 85' lang='lat' dir='ltr'>bona</span> 
     </span>
     <span class='ocr_line' id='line_1_36' title="bbox 337 2528 2299 2595; baseline -0.002 -17"><span class='ocrx_word' id='word_1_417' title='bbox 337 2529 458 2584; x_wconf 85' lang='lat' dir='ltr'>sunt,</span> <span class='ocrx_word' id='word_1_418' title='bbox 491 2529 879 2576; x_wconf 86' lang='lat' dir='ltr'>communicarent</span> <span class='ocrx_word' id='word_1_419' title='bbox 895 2529 1049 2595; x_wconf 89' lang='lat' dir='ltr'>aliquo</span> <span class='ocrx_word' id='word_1_420' title='bbox 1068 2532 1208 2578; x_wconf 89' lang='lat' dir='ltr'>modo</span> <span class='ocrx_word' id='word_1_421' title='bbox 1222 2547 1327 2579; x_wconf 89' lang='lat' dir='ltr'>cum</span> <span class='ocrx_word' id='word_1_422' title='bbox 1351 2532 1488 2587; x_wconf 88' lang='lat' dir='ltr'>coelo,</span> <span class='ocrx_word' id='word_1_423' title='bbox 1525 2545 1690 2592; x_wconf 87' lang='lat' dir='ltr'>nempe</span> <span class='ocrx_word' id='word_1_424' title='bbox 1706 2544 1811 2575; x_wconf 84' lang='lat' dir='ltr'>cum</span> <span class='ocrx_word' id='word_1_425' title='bbox 1833 2529 1916 2575; x_wconf 84' lang='lat' dir='ltr'>illis</span> <span class='ocrx_word' id='word_1_426' title='bbox 1940 2531 2019 2592; x_wconf 88' lang='lat' dir='ltr'>qui</span> <span class='ocrx_word' id='word_1_427' title='bbox 2041 2528 2083 2575; x_wconf 88' lang='lat' dir='ltr'>in</span> <span class='ocrx_word' id='word_1_428' title='bbox 2102 2529 2299 2576; x_wconf 85' lang='lat' dir='ltr'>circuiti-</span> 
     </span>
     <span class='ocr_line' id='line_1_37' title="bbox 338 2592 2297 2660; baseline -0.001 -18"><span class='ocrx_word' id='word_1_429' title='bbox 338 2595 422 2642; x_wconf 84' lang='lat' dir='ltr'>bus</span> <span class='ocrx_word' id='word_1_430' title='bbox 445 2593 508 2642; x_wconf 89' lang='lat' dir='ltr'>ibi</span> <span class='ocrx_word' id='word_1_431' title='bbox 532 2592 648 2649; x_wconf 90' lang='lat' dir='ltr'>sunt,</span> <span class='ocrx_word' id='word_1_432' title='bbox 681 2609 733 2640; x_wconf 91' lang='lat' dir='ltr'>ac</span> <span class='ocrx_word' id='word_1_433' title='bbox 765 2593 988 2658; x_wconf 86' lang='lat' dir='ltr'>fimplices</span> <span class='ocrx_word' id='word_1_434' title='bbox 1022 2596 1141 2654; x_wconf 90' lang='lat' dir='ltr'>sunt,</span> <span class='ocrx_word' id='word_1_435' title='bbox 1175 2597 1257 2660; x_wconf 91' lang='lat' dir='ltr'>qui</span> <span class='ocrx_word' id='word_1_436' title='bbox 1280 2596 1632 2659; x_wconf 86' lang='lat' dir='ltr'>correspondent</span> <span class='ocrx_word' id='word_1_437' title='bbox 1655 2594 1858 2651; x_wconf 85' lang='lat' dir='ltr'>cuticulis</span> <span class='ocrx_word' id='word_1_438' title='bbox 1882 2594 1927 2640; x_wconf 90' lang='lat' dir='ltr'>in</span> <span class='ocrx_word' id='word_1_439' title='bbox 1952 2595 2164 2650; x_wconf 80' lang='lat' dir='ltr'>Maximo</span> <span class='ocrx_word' id='word_1_440' title='bbox 2190 2595 2297 2641; x_wconf 89' lang='lat' dir='ltr'>Ho-</span> 
     </span>
     <span class='ocr_line' id='line_1_38' title="bbox 340 2658 2296 2723; baseline -0.001 -15"><span class='ocrx_word' id='word_1_441' title='bbox 340 2660 497 2712; x_wconf 77' lang='lat' dir='ltr'>mine3</span> <span class='ocrx_word' id='word_1_442' title='bbox 531 2670 577 2704; x_wconf 89' lang='lat' dir='ltr'>at</span> <span class='ocrx_word' id='word_1_443' title='bbox 598 2673 678 2720; x_wconf 88' lang='lat' dir='ltr'>per</span> <span class='ocrx_word' id='word_1_444' title='bbox 711 2660 878 2706; x_wconf 89' lang='lat' dir='ltr'>interna</span> <span class='ocrx_word' id='word_1_445' title='bbox 900 2663 1296 2710; x_wconf 86' lang='lat' dir='ltr'>communicarent</span> <span class='ocrx_word' id='word_1_446' title='bbox 1326 2678 1431 2708; x_wconf 87' lang='lat' dir='ltr'>cum</span> <span class='ocrx_word' id='word_1_447' title='bbox 1456 2658 1637 2708; x_wconf 86' lang='lat' dir='ltr'>infernis</span> <span class='ocrx_word' id='word_1_448' title='bbox 1658 2681 1672 2714; x_wconf 62' lang='grc' dir='ltr'><strong>ς</strong></span> <span class='ocrx_word' id='word_1_449' title='bbox 1707 2661 1756 2706; x_wconf 87' lang='lat'>&amp;</span> <span class='ocrx_word' id='word_1_450' title='bbox 1780 2660 1888 2723; x_wconf 83' lang='lat' dir='ltr'>quia</span> <span class='ocrx_word' id='word_1_451' title='bbox 1914 2660 2023 2706; x_wconf 86' lang='lat' dir='ltr'>mala</span> <span class='ocrx_word' id='word_1_452' title='bbox 2046 2676 2152 2723; x_wconf 80' lang='lat' dir='ltr'>quae</span> <span class='ocrx_word' id='word_1_453' title='bbox 2178 2660 2296 2708; x_wconf 82' lang='lat' dir='ltr'>intus</span> 
     </span>
     <span class='ocr_line' id='line_1_39' title="bbox 338 2725 2297 2788; baseline 0.001 -16"><span class='ocrx_word' id='word_1_454' title='bbox 338 2725 442 2772; x_wconf 91' lang='lat' dir='ltr'>sunt</span> <span class='ocrx_word' id='word_1_455' title='bbox 463 2725 772 2776; x_wconf 85' lang='lat' dir='ltr'>dominantur,</span> <span class='ocrx_word' id='word_1_456' title='bbox 806 2727 1024 2788; x_wconf 88' lang='lat' dir='ltr'>quoniam</span> <span class='ocrx_word' id='word_1_457' title='bbox 1054 2743 1108 2774; x_wconf 89' lang='lat' dir='ltr'>ea</span> <span class='ocrx_word' id='word_1_458' title='bbox 1142 2728 1244 2775; x_wconf 89' lang='lat' dir='ltr'>sunt</span> <span class='ocrx_word' id='word_1_459' title='bbox 1278 2727 1538 2781; x_wconf 85' lang='lat' dir='ltr'>voluntatis,</span> <span class='ocrx_word' id='word_1_460' title='bbox 1571 2728 1623 2773; x_wconf 87' lang='lat'>&amp;</span> <span class='ocrx_word' id='word_1_461' title='bbox 1647 2728 1782 2781; x_wconf 87' lang='lat' dir='ltr'>bona,</span> <span class='ocrx_word' id='word_1_462' title='bbox 1818 2740 1922 2786; x_wconf 84' lang='lat' dir='ltr'>quae</span> <span class='ocrx_word' id='word_1_463' title='bbox 1947 2726 1990 2772; x_wconf 83' lang='lat' dir='ltr'>in</span> <span class='ocrx_word' id='word_1_464' title='bbox 2015 2726 2207 2772; x_wconf 86' lang='lat' dir='ltr'>externis</span> <span class='ocrx_word' id='word_1_465' title='bbox 2242 2727 2297 2774; x_wconf 82' lang='lat' dir='ltr'>si-</span> 
     </span>
     <span class='ocr_line' id='line_1_40' title="bbox 338 2786 2298 2857; baseline -0.001 -20"><span class='ocrx_word' id='word_1_466' title='bbox 338 2786 586 2844; x_wconf 59' lang='lat' dir='ltr'>mulantun’</span> <span class='ocrx_word' id='word_1_467' title='bbox 637 2787 835 2836; x_wconf 88' lang='lat' dir='ltr'>serviunt</span> <span class='ocrx_word' id='word_1_468' title='bbox 871 2792 925 2836; x_wconf 89' lang='lat' dir='ltr'>ad</span> <span class='ocrx_word' id='word_1_469' title='bbox 964 2793 1292 2857; x_wconf 85' lang='lat' dir='ltr'>acquirendum</span> <span class='ocrx_word' id='word_1_470' title='bbox 1314 2793 1575 2840; x_wconf 88' lang='lat' dir='ltr'>dominium</span> <span class='ocrx_word' id='word_1_471' title='bbox 1602 2791 1744 2844; x_wconf 86' lang='lat' dir='ltr'>malis,</span> <span class='ocrx_word' id='word_1_472' title='bbox 1781 2790 1944 2837; x_wconf 85' lang='lat' dir='ltr'>idcirco</span> <span class='ocrx_word' id='word_1_473' title='bbox 1968 2791 2028 2836; x_wconf 87' lang='lat' dir='ltr'>est</span> <span class='ocrx_word' id='word_1_474' title='bbox 2048 2804 2201 2838; x_wconf 80' lang='lat' dir='ltr'>contra</span> <span class='ocrx_word' id='word_1_475' title='bbox 2227 2794 2298 2852; x_wconf 90' lang='lat' dir='ltr'>ip·</span> 
     </span>
     <span class='ocr_line' id='line_1_41' title="bbox 337 2852 2296 2920; baseline -0.001 -17"><span class='ocrx_word' id='word_1_476' title='bbox 337 2855 437 2903; x_wconf 87' lang='lat' dir='ltr'>sum</span> <span class='ocrx_word' id='word_1_477' title='bbox 460 2854 668 2902; x_wconf 86' lang='lat' dir='ltr'>ordinem</span> <span class='ocrx_word' id='word_1_478' title='bbox 695 2852 919 2902; x_wconf 85' lang='lat' dir='ltr'>Divinum</span> <span class='ocrx_word' id='word_1_479' title='bbox 938 2856 1183 2920; x_wconf 86' lang='lat' dir='ltr'>relinquere</span> <span class='ocrx_word' id='word_1_480' title='bbox 1206 2858 1291 2904; x_wconf 85' lang='lat' dir='ltr'>illis</span> <span class='ocrx_word' id='word_1_481' title='bbox 1317 2858 1540 2905; x_wconf 87' lang='lat' dir='ltr'>licentiam</span> <span class='ocrx_word' id='word_1_482' title='bbox 1565 2857 1768 2904; x_wconf 78' lang='lat' dir='ltr'>simulate</span> <span class='ocrx_word' id='word_1_483' title='bbox 1791 2857 1839 2902; x_wconf 88' lang='lat'>&amp;</span> <span class='ocrx_word' id='word_1_484' title='bbox 1862 2857 2135 2919; x_wconf 75' lang='lat' dir='ltr'>hypocritice</span> <span class='ocrx_word' id='word_1_485' title='bbox 2158 2871 2296 2916; x_wconf 78' lang='lat' dir='ltr'>agen-</span> 
     </span>
     <span class='ocr_line' id='line_1_42' title="bbox 340 2919 2295 2986; baseline 0 -19"><span class='ocrx_word' id='word_1_486' title='bbox 340 2921 407 2976; x_wconf 83' lang='lat' dir='ltr'>di,</span> <span class='ocrx_word' id='word_1_487' title='bbox 443 2919 553 2968; x_wconf 77' lang='lat' dir='ltr'>sicut</span> <span class='ocrx_word' id='word_1_488' title='bbox 585 2921 629 2967; x_wconf 90' lang='lat' dir='ltr'>in</span> <span class='ocrx_word' id='word_1_489' title='bbox 661 2920 836 2966; x_wconf 88' lang='lat' dir='ltr'>mundo</span> <span class='ocrx_word' id='word_1_490' title='bbox 865 2936 1144 2986; x_wconf 88' lang='lat' dir='ltr'>quapropter</span> <span class='ocrx_word' id='word_1_491' title='bbox 1174 2923 1278 2970; x_wconf 89' lang='lat' dir='ltr'>talia</span> <span class='ocrx_word' id='word_1_492' title='bbox 1312 2923 1395 2971; x_wconf 89' lang='lat' dir='ltr'>illis</span> <span class='ocrx_word' id='word_1_493' title='bbox 1426 2923 1706 2977; x_wconf 86' lang='lat' dir='ltr'>auferuntur,</span> <span class='ocrx_word' id='word_1_494' title='bbox 1748 2920 1852 2966; x_wconf 85' lang='lat' dir='ltr'>acii</span> <span class='ocrx_word' id='word_1_495' title='bbox 1878 2922 1920 2967; x_wconf 88' lang='lat' dir='ltr'>in</span> <span class='ocrx_word' id='word_1_496' title='bbox 1945 2921 2095 2985; x_wconf 90' lang='lat' dir='ltr'>ipsum</span> <span class='ocrx_word' id='word_1_497' title='bbox 2121 2923 2295 2968; x_wconf 86' lang='lat' dir='ltr'>malum</span> 
     </span>
    </p>

    <p class='ocr_par' dir='ltr' id='par_1_5' title="bbox 303 2984 2302 3230">
     <span class='ocr_line' id='line_1_43' title="bbox 340 2984 1023 3034; baseline 0.001 -2"><span class='ocrx_word' id='word_1_498' title='bbox 340 2984 585 3032; x_wconf 85' lang='lat' dir='ltr'>voluntatis</span> <span class='ocrx_word' id='word_1_499' title='bbox 608 2985 699 3032; x_wconf 87' lang='lat' dir='ltr'>suae</span> <span class='ocrx_word' id='word_1_500' title='bbox 721 2985 1023 3034; x_wconf 89' lang='lat' dir='ltr'>remittuntur.</span> 
     </span>
     <span class='ocr_line' id='line_1_44' title="bbox 303 3050 2296 3116; baseline -0.001 -17"><span class='ocrx_word' id='word_1_501' title='bbox 303 3098 341 3110; x_wconf 74' lang='grc'>,,</span> <span class='ocrx_word' id='word_1_502' title='bbox 405 3053 549 3108; x_wconf 83' lang='lat'><em>8871.</em></span> <span class='ocrx_word' id='word_1_503' title='bbox 574 3052 696 3112; x_wconf 78' lang='lat' dir='ltr'>Qae</span> <span class='ocrx_word' id='word_1_504' title='bbox 711 3052 754 3096; x_wconf 87' lang='lat' dir='ltr'>in</span> <span class='ocrx_word' id='word_1_505' title='bbox 769 3051 893 3097; x_wconf 85' lang='lat' dir='ltr'>coelis</span> <span class='ocrx_word' id='word_1_506' title='bbox 906 3052 1109 3115; x_wconf 87' lang='lat' dir='ltr'>desuper,</span> <span class='ocrx_word' id='word_1_507' title='bbox 1132 3054 1182 3101; x_wconf 89' lang='lat'>&amp;</span> <span class='ocrx_word' id='word_1_508' title='bbox 1196 3069 1302 3116; x_wconf 85' lang='lat' dir='ltr'>quae</span> <span class='ocrx_word' id='word_1_509' title='bbox 1316 3052 1359 3099; x_wconf 91' lang='lat' dir='ltr'>in</span> <span class='ocrx_word' id='word_1_510' title='bbox 1378 3065 1488 3101; x_wconf 85' lang='lat' dir='ltr'>terra</span> <span class='ocrx_word' id='word_1_511' title='bbox 1506 3052 1730 3107; x_wconf 90' lang='lat' dir='ltr'>desubter,</span> <span class='ocrx_word' id='word_1_512' title='bbox 1754 3051 1879 3114; x_wconf 89' lang='lat' dir='ltr'>quod</span> <span class='ocrx_word' id='word_1_513' title='bbox 1899 3051 2115 3114; x_wconf 75' lang='lat' dir='ltr'>significet</span> <span class='ocrx_word' id='word_1_514' title='bbox 2132 3066 2232 3114; x_wconf 86' lang='lat' dir='ltr'>quae</span> <span class='ocrx_word' id='word_1_515' title='bbox 2248 3050 2296 3097; x_wconf 87' lang='lat' dir='ltr'>in</span> 
     </span>
     <span class='ocr_line' id='line_1_45' title="bbox 339 3114 2302 3182; baseline 0.001 -18"><span class='ocrx_word' id='word_1_516' title='bbox 339 3114 438 3165; x_wconf 74' lang='lat' dir='ltr'>luce</span> <span class='ocrx_word' id='word_1_517' title='bbox 453 3115 734 3182; x_wconf 85' lang='lat' dir='ltr'>spirituali&amp;</span> <span class='ocrx_word' id='word_1_518' title='bbox 749 3132 856 3181; x_wconf 86' lang='lat' dir='ltr'>quae</span> <span class='ocrx_word' id='word_1_519' title='bbox 870 3117 915 3166; x_wconf 89' lang='lat' dir='ltr'>in</span> <span class='ocrx_word' id='word_1_520' title='bbox 929 3116 1029 3166; x_wconf 89' lang='lat' dir='ltr'>luce</span> <span class='ocrx_word' id='word_1_521' title='bbox 1047 3120 1254 3176; x_wconf 85' lang='lat' dir='ltr'>naturali,</span> <span class='ocrx_word' id='word_1_522' title='bbox 1275 3119 1448 3167; x_wconf 81' lang='lat' dir='ltr'>constat</span> <span class='ocrx_word' id='word_1_523' title='bbox 1460 3135 1514 3167; x_wconf 83' lang='lat' dir='ltr'>ex</span> <span class='ocrx_word' id='word_1_524' title='bbox 1536 3118 1860 3182; x_wconf 73' lang='lat' dir='ltr'>significatione</span> <span class='ocrx_word' id='word_1_525' title='bbox 1880 3117 2181 3165; x_wconf 84' lang='lat' dir='ltr'>fimilutidinis</span> <span class='ocrx_word' id='word_1_526' title='bbox 2200 3119 2225 3163; x_wconf 74' lang='lat' dir='ltr'>i}</span> <span class='ocrx_word' id='word_1_527' title='bbox 2237 3117 2302 3165; x_wconf 77' lang='lat' dir='ltr'>lo-</span> 
     </span>
     <span class='ocr_line' id='line_1_46' title="bbox 1319 3184 2301 3230; baseline -0.002 0"><span class='ocrx_word' id='word_1_528' title='bbox 1319 3184 1368 3230; x_wconf 95' lang='lat' dir='ltr'>Y</span> <span class='ocrx_word' id='word_1_529' title='bbox 2198 3197 2301 3228; x_wconf 90' lang='lat' dir='ltr'>rum</span> 
     </span>
    </p>
   </div>
  </div>
 </body>
</html>
