2722 3684
422 231 565 294 494
870 206 2033 274 EXODUS.·

421 332 569 394 capite
586 329 921 388 Cheruborum,
953 331 1073 395 quasi
1098 333 1282 393 aspebJus
1300 329 1452 392 lapidis
1463 302 1679 394 sitssphiri,
1716 329 1967 378 similitudo
1984 327 2154 386 throni,-
2187 327 2238 377 &
2256 329 2388 393 super

425 395 718 445 similitudine
743 396 892 444 throni
915 397 1037 461 quafi
1060 397 1263 459 aspeflus
1284 396 1484 444 hominis
1519 397 1650 460 super
1689 396 1769 444 illo
1793 395 1984 443 sedentis
2001 394 2030 418 ”
2073 411 2091 442 1
2114 412 2126 442 ε
2151 395 2228 442 26.
2263 395 2390 458 Cap:

424 477 487 510 x:
519 478 562 518 1,
598 462 797 510 Cherubi
822 465 923 511 sunt
944 461 1144 509 custodia
1167 463 1216 509 &
1241 461 1533 508 Providentia
1558 461 1770 518 Domini,
1807 476 1863 507 ne
1887 460 1942 518 ad
1976 460 2133 523 Ipsum
2159 460 2211 506 fit
2244 459 2393 507 aditus

423 527 506 574 nili
528 542 607 590 per
632 531 822 585 bonurn,
858 545 915 574 n:
939 540 1067 590 9277
1093 528 1184 574 fin:
1222 526 1439 574 Thronus
1458 527 1588 590 super
1605 542 1695 591 quo
1718 525 1918 588 aspectus
1939 525 2178 580 Hominis,
2214 523 2277 570 est
2301 526 2383 572 Di-

423 592 586 640 vinum
618 595 796 642 Verum
820 590 1039 640 aDivino
1061 591 1192 640 Bono
1227 591 1441 648 Domini,
1474 608 1532 639 n:
1560 608 1704 654 5313.
1743 592 1886 654 6397.
1920 605 2076 653 9039:
2118 589 2220 636 inde
2244 601 2385 652 patet,

424 657 553 722 quod
578 658 688 723 lapis
710 657 940 720 sapphirus
974 656 1029 703 fit
1061 658 1239 705 Verum
1264 657 1531 704 transsucens
1553 673 1577 705 a
1604 660 1716 704 veris
1740 654 1942 710 interniS,
1978 670 2144 718 nempe
2167 653 2278 716 lapis
2312 670 2387 702 ve-

423 738 547 780 rum,
583 723 633 773 &
657 723 884 786 sapphirus
907 721 1227 771 transsucentia.
1295 722 1439 786 Qod
1468 723 1624 770 omnia
1648 722 1783 769 Verbi
1809 719 2095 767 transsuceant
2113 735 2137 766 a
2158 718 2385 775 Domino,

420 788 490 835 -est
511 787 619 849 quia
646 788 877 837 Divinum
897 788 1072 851 Verum
1094 787 1221 852 quod
1241 803 1265 833 a
1282 787 1506 843 Domino,
1543 787 1606 835 est
1624 787 1827 842 unicum,
1851 801 1907 833 ex
1926 801 2019 848 quo
2041 786 2194 831 omnia
2215 805 2229 838 ς
2263 785 2388 847 quod

422 852 547 901 enim
569 852 632 899 est
649 853 872 914 primurn,
907 853 995 917 hoq
1017 853 1059 899 in
1078 853 1365 917 sequentibus
1382 854 1431 900 δε
1455 853 1667 899 derivatis
1688 851 1750 899 est
1774 851 1976 906 unicum,
2012 849 2229 913 quoniam
2253 865 2309 896 ex
2333 849 2387 897 il·
2449 899 2456 903 ,

424 917 474 964 lo
506 916 604 966 sunt
636 918 687 965 &
708 919 936 972 existunt;
971 918 1020 965 &
1042 918 1272 966 Divinum
1293 917 1464 966 Verum
1490 918 1554 965 est
1573 918 1837 971 Dominus;
1871 928 2147 979 quapropter
2179 915 2315 962 etiam
2341 915 2386 961 in

426 983 574 1030 Verbi
599 982 720 1032 sensu
747 982 966 1046 supremo
990 984 1136 1046 agitur
1158 983 1213 1031 de
1237 983 1332 1030 solo
1350 983 1573 1039 Domino,
1608 983 1665 1029 de
1698 982 1839 1045 Ipfius
1870 995 2040 1037 amore,
2077 980 2387 1035 Providentia,

423 1047 592 1111 Regno
614 1049 659 1095 in
683 1049 810 1096 coelis
834 1050 884 1097 &
908 1050 953 1096 in
974 1048 1117 1104 terris,
1144 1048 1371 1111 imprimis
1388 1048 1443 1095 de
1466 1048 1608 1113 Ipsius
1626 1047 1837 1095 Humani
1861 1045 2207 1108 glorificatione.
2244 1046 2386 1103 Quod

424 1112 654 1160 Divinum
680 1114 856 1162 Verum
882 1114 934 1161 fit
966 1113 1065 1177 Ipse
1089 1114 1336 1170 DominuS‚
1371 1125 1498 1177 patet
1520 1129 1579 1161 ex
1609 1129 1680 1170 eo,
1715 1113 1839 1176 quod
1864 1111 2079 1176 quicquid
2106 1110 2309 1174 procedit
2331 1112 2388 1158 ab

423 1178 582 1242 aliquo
604 1178 668 1225 est
690 1179 798 1242 ipse,
834 1180 941 1226 ficut
962 1179 1086 1242 quod
1122 1179 1322 1241 procedit
1354 1180 1411 1226 ab
1432 1179 1617 1226 homine
1640 1179 1752 1225 dum
1774 1178 1973 1240 loquitur
1995 1190 2070 1224 aut
2098 1178 2208 1238 agit,
2243 1176 2305 1223 est
2329 1192 2388 1224 ex
2434 1192 2441 1197 ¹

423 1241 519 1306 ejus
541 1244 796 1292 voluntario
819 1246 869 1293 δε
903 1244 1192 1292 intellestuali
1215 1264 1232 1299 ς
1268 1259 1317 1290 ac
1341 1243 1645 1292 voluntarium
1680 1244 1730 1291 ὅτ
1767 1242 2064 1290 intellectuale
2101 1243 2208 1288 facit
2242 1243 2385 1289 vitam

424 1307 642 1367 hominis,
679 1309 742 1357 ita
773 1309 917 1373 ipsum
944 1309 1177 1357 hominem
1199 1331 1213 1364 3
1236 1309 1392 1356 homo
1413 1309 1536 1357 enim
1560 1326 1650 1356 non
1683 1309 1744 1356 est
1769 1308 1911 1355 homo
1932 1323 1987 1354 ex
2012 1306 2157 1354 forma
2181 1306 2305 1352 faciei
2332 1308 2382 1354 ὅτ

424 1374 642 1440 corporis,
679 1374 752 1421 sed
777 1390 833 1421 ex
855 1374 1082 1422 intellectu
1106 1375 1194 1422 veri
1217 1376 1267 1422 &
1290 1375 1521 1424 voluntate
1546 1376 1651 1422 boni
1672 1395 1686 1429 ς
1723 1374 1827 1420 inde
1849 1373 2045 1420 constare
2071 1371 2233 1434 potest,
2257 1373 2381 1435 quod

423 1437 472 1485 id
502 1439 627 1502 quod
652 1440 854 1502 procedit
874 1456 901 1487 a
919 1440 1141 1495 Domino,
1179 1439 1231 1487 s1t
1262 1441 1503 1499 Dominus,
1539 1441 1660 1504 quod
1678 1439 1742 1486 ·id
1780 1439 1830 1486 fit
1859 1439 2086 1486 Divinum
2107 1439 2314 1492 Verum,
2338 1437 2385 1484 in

422 1503 786 1566 praecedentibus
823 1501 984 1568 saepius
1022 1505 1247 1552 ostensum
1272 1505 1349 1552 est.
1418 1506 1504 1553 Sed
1528 1506 1606 1569 qui
1643 1521 1733 1552 non
1758 1505 1834 1552 scit
1867 1520 2023 1552 arcana
2047 1503 2169 1558 coeli,
2205 1503 2384 1549 credere

420 1568 589 1632 potest,
624 1570 750 1633 quod
773 1568 879 1618 curn
907 1571 1082 1618 Divino
1106 1573 1230 1619 Vero
1252 1570 1377 1634 quod
1402 1571 1606 1633 procedit
1627 1586 1651 1617 a
1684 1570 1906 1625 Domino,
1944 1585 2048 1616 nam
2080 1569 2204 1615 aliter
2237 1568 2278 1614 se
2309 1569 2402 1615 lia-²

423 1634 539 1690 beat,
575 1650 712 1697 quam
737 1635 848 1684 ficut
864 1652 968 1683 curn
996 1636 1173 1700 loquela
1196 1652 1302 1699 quae
1336 1637 1539 1698 procedit
1560 1637 1616 1683 ab
1639 1636 1824 1683 homine
1845 1655 1858 1688 ·‚
1893 1636 1955 1682 ast
1981 1650 2071 1681 non
2096 1634 2156 1680 est
2191 1634 2384 1696 loquela,

423 1698 497 1746 sed
524 1700 752 1750 Divinum
778 1702 971 1764 implens
993 1703 1148 1757 coelos,
1186 1702 1294 1748 ficut
1323 1701 1387 1748 est
1408 1701 1488 1749 lux
1511 1702 1560 1749 δε
1592 1702 1710 1750 calor
1731 1717 1756 1747 e
1774 1701 1863 1747 sole
1886 1700 2093 1762 ,implens
2116 1700 2343 1746 mundum
2367 1721 2382 1752 ;

424 1763 514 1811 hoc
537 1764 736 1813 illustrari
760 1766 904 1831 potest
928 1783 1006 1831 per
1030 1767 1218 1830 sphaeras
1241 1782 1346 1830 quae
1369 1767 1619 1830 procedunt
1652 1768 1709 1815 ab
1733 1765 1924 1829 Angelis
1950 1766 1992 1812 in
2017 1766 2151 1820 coe10,
2192 1765 2248 1810 de
2282 1765 2384 1829 qui-

417 1829 586 1878 ·busn:
618 1836 757 1891 1048.
787 1847 927 1895 1053.
958 1833 1096 1894 1316.
1140 1849 1266 1893 1504
1287 1832 1344 1879 ad
1386 1849 1524 1894 1520.
1555 1833 1696 1896 1695.
1722 1848 1867 1891 2401.
1902 1832 2048 1890 4464.
2082 1845 2223 1891 5179.
2252 1830 2382 1879 6206

424 1895 521 1943 fin:
548 1910 691 1960 7454.
718 1897 843 1961 6598
870 1897 927 1945 ad
952 1898 1094 1960 6613.
1120 1899 1263 1961 8063.
1286 1900 1429 1960 8630.
1458 1902 1599 1961 8794.
1628 1901 1772 1961 8797,
1806 1893 2060 1960 quaequod
2081 1897 2169 1942 sint
2195 1895 2381 1959 sphaerae

424 1960 521 2008 veri
544 1962 650 2011 fidei
672 1964 723 2011 &
746 1964 855 2011 boni
878 1963 1042 2011 amoris
1064 1979 1088 2010 a
1113 1963 1340 2019 Domino,
1376 1965 1422 2011 in
1447 1963 1554 2012 locis
1583 1963 1671 2011 illis
1701 1963 1922 2010 ostensum
1943 1962 2142 2008 videatur
2164 1978 2175 2007 :
2213 1961 2382 2024 sphaera

422 2038 577 2074 autem
601 2028 785 2086 Divina,
819 2045 924 2093 quae
946 2027 1151 2093 procedit
1182 2047 1207 2076 a
1244 2030 1468 2089 Domin0,
1503 2045 1607 2093 quae
1632 2041 1811 2076 vocatur
1846 2028 2070 2075 Divinum
2091 2027 2282 2082 Verum,
2316 2026 2380 2072 est

423 2091 725 2152 Universalis,
759 2110 827 2152 ac,
863 2107 914 2143 ut
935 2095 1132 2151 dictum,
1168 2092 1332 2159 implet
1354 2098 1611 2145 universum
1646 2096 1838 2150 coelum,
1873 2109 1922 2140 ac
1962 2091 2063 2140 facit
2096 2107 2233 2141 omne
2272 2092 2381 2139 vitae

423 2156 489 2204 -ibi
510 2178 524 2212 ;
558 2172 741 2224 apparet
760 2160 823 2207 ibi
845 2174 992 2207 coram
1016 2161 1156 2209 oculis
1173 2161 1282 2208 ficut
1307 2160 1434 2218 Lux,
1468 2177 1572 2225 quae
1596 2177 1684 2208 non
1711 2160 1852 2208 modo
1870 2159 2098 2206 illuminat
2115 2158 2281 2214 visum,
2305 2157 2377 2203 sed

423 2221 562 2271 etiam
588 2236 760 2273 mentes
781 2246 796 2279 3
829 2226 988 2273 eadem
1011 2226 1147 2273 etiarn
1167 2225 1247 2282 est,
1283 2236 1388 2289 quae
1410 2228 1531 2290 apud
1555 2226 1787 2275 hominem
1813 2223 1918 2271 facit
1941 2224 2221 2271 intelle&um
2246 2240 2258 2269 :
2295 2223 2379 2269 hoc

424 2287 690 2351 intelligitur
721 2290 840 2354 apud
860 2291 1116 2354 Johannem
1154 2291 1256 2337 “In
1281 2291 1384 2354 Ipso
1414 2294 1507 2339 vita
1537 2304 1647 2348 erat,
1682 2293 1732 2339 &
1762 2291 1855 2337 vita
1889 2302 1982 2337 erat
2005 2291 2081 2337 lux
2105 2289 2380 2343 hominum3

426 2364 516 2401 erat
546 2355 625 2403 lux
658 2371 781 2411 vera,
817 2372 924 2420 quae
957 2355 1182 2405 illuminat
1204 2372 1392 2404 omnem
1429 2357 1663 2405 hominem
1699 2352 1955 2404 venientem
1981 2355 2024 2401 in
2052 2354 2293 2407 mundum,
2330 2354 2380 2401 δε

426 2420 624 2469 mundus
662 2436 741 2484 per
766 2422 921 2482 Ipsum
955 2421 1098 2470 faetus
1132 2421 1245 2469 est''
1290 2439 1343 2471 1:
1377 2439 1426 2482 4.
1463 2440 1510 2488 9.
1542 2438 1617 2478 10,
1650 2423 1797 2485 agitur
1829 2422 1888 2467 ibi
1924 2421 1980 2466 de
2026 2419 2198 2466 Divino
2237 2420 2378 2476 Vero,

373 2512 391 2527 ae
426 2486 553 2547 quod
576 2499 762 2535 vocatur
780 2487 1006 2545 Verbum,
1040 2489 1090 2535 &
1122 2487 1247 2552 quod
1270 2487 1496 2536 Divinum
1519 2488 1691 2536 Verum
1727 2488 1796 2535 seu
1821 2486 2028 2534 Verbum
2063 2486 2115 2532 s1t
2148 2483 2245 2546 Ipse
2282 2485 2379 2532 Do-

427 2550 593 2598 minus.
662 2551 742 2599 Illa
764 2552 891 2612 Lux,
927 2569 1034 2617 quae
1054 2552 1118 2599 est
1144 2553 1371 2600 Divinum
1391 2554 1562 2601 Verum
1601 2553 1847 2617 procedens
1883 2567 1907 2597 a
1931 2550 2150 2605 Domine,
2185 2550 2241 2597 ab
2264 2550 2380 2597 anti-

429 2616 534 2679 quis
557 2616 773 2680 descripta
796 2617 856 2665 est
883 2633 961 2681 per
982 2618 1171 2666 circulos
1194 2617 1388 2665 radiosos
1424 2619 1586 2666 coloris
1624 2618 1744 2666 aurei
1778 2614 1943 2665 circum
1975 2616 2183 2678 caput&
2216 2631 2380 2677 corpus

430 2680 526 2730 Dei
549 2683 844 2745 repraesentati
865 2696 915 2732 ut
936 2684 1094 2742 homo,
1129 2699 1235 2733 narn
1258 2684 1452 2747 Antiqui
1476 2700 1565 2731 non
1588 2684 1715 2731 aliter
1749 2694 2036 2746 perceperant
2058 2681 2215 2728 Deum
2238 2679 2378 2744 quam

427 2747 513 2794 sub
533 2746 727 2795 humana
751 2748 909 2797 forma.
978 2751 1139 2812 Qum
1165 2749 1307 2796 homo
1330 2750 1376 2796 in
1402 2750 1521 2797 bono
1542 2749 1625 2806 est,
1659 2749 1712 2797 ὅτ
1745 2764 1799 2795 ex
1824 2749 1947 2795 bono
1971 2747 2015 2793 in
2040 2745 2171 2803 veris,
2208 2758 2314 2795 tunc
2336 2763 2381 2794 e·

431 2813 608 2861 levetur
623 2812 696 2860 ille
714 2814 758 2860 in
780 2815 1000 2862 Divinam
1027 2815 1148 2862 illam
1172 2815 1339 2871 lucem,
1376 2815 1425 2862 &
1450 2813 1693 2863 secundum
1727 2825 1948 2877 quantum
1973 2813 2021 2859 δε
2044 2812 2176 2874 quale
2200 2811 2308 2859 boni
2333 2811 2379 2858 in
2444 2827 2463 2834 “¹

432 2877 691 2926 interiorem
714 2899 729 2934 3
764 2879 867 2926 inde
891 2880 974 2928 illis
997 2880 1227 2929 illustratio
1244 2880 1518 2937 communis,
1554 2880 1599 2928 in
1623 2895 1710 2943 qua
1743 2895 1768 2926 a
1791 2878 1998 2926 Domino
2027 2877 2149 2923 videt
2174 2878 2380 2925 innume-

406 2943 586 2990 ·rabilia
610 2959 729 3000 vera,
763 2960 869 3008 quae
892 2945 1080 3009 percipit
1102 2960 1159 2992 ex
1181 2946 1337 2999 bono;
1372 2946 1422 2992 &
1446 2952 1568 2994 ‘tunc
1604 2962 1630 2992 a
1668 2946 1876 2992 Domino
1901 2942 2077 2991 ducitur
2103 2943 2157 2988 ad
2181 2941 2380 3004 apperci-

430 3007 594 3070 pienda
616 3010 665 3058 &
688 3009 930 3058 imbuenda
952 3009 1028 3057 illa
1050 3027 1156 3074 quae
1189 3010 1228 3058 ei
1264 3011 1559 3068 conveniunt,
1593 3012 1643 3058 ὅτ
1673 3011 1760 3058 hoc
1781 3009 1931 3072 quoad
1955 3008 2289 3072 fingulariffima
2310 3023 2380 3054 or-

430 3072 556 3129 dine,
590 3075 701 3122 ficut
722 3074 815 3135 ejus
838 3074 945 3122 vitae
967 3087 1149 3122 aeternae
1169 3075 1413 3124 conducit:
1447 3076 1596 3139 quoad
1621 3075 1955 3136 fingulariffima
1974 3074 2139 3120 dicitur
2161 3071 2378 3133 quoniam

432 3137 688 3188 universalis
723 3139 1014 3190 Providentia
1046 3141 1238 3189 Domini
1272 3141 1335 3190 est
1369 3141 1624 3193 universalis
1656 3141 1761 3205 quia
1792 3141 1842 3190 in
1874 3137 2238 3251 fingumiffirfsts’
2274 3152 2379 3249 {iarn

1356 3218 1359 3221 *
2162 3217 2269 3266 1ngu
2290 3218 2380 3251 aria
