2722 3684
376 225 503 272 220
715 247 724 257 x
827 204 891 270 E
987 207 991 210 ’
1031 202 1114 271 X
1251 203 1306 270 Ο
1449 207 1525 272 D
1666 204 1740 271 U
1870 204 1939 273 S.

376 335 562 406 quippe
589 333 774 387 malum
801 343 922 386 tunc
947 330 1210 402 acquifivit
1246 329 1339 385 fibi
1378 330 1654 403 potentiam
1694 330 1836 403 super
1862 333 2074 402 bonum,
2109 330 2167 386 ὅζ
2192 331 2374 390 falsum

385 407 440 460 su
481 426 531 461 er
556 410 744 461 verum.
894 415 897 418 ’

444 428 489 539 {3
497 480 565 553 96
564 498 614 548 5.
666 480 799 551 Qia
824 479 970 532 hodie
995 476 1116 529 fides
1142 491 1243 527 rara
1267 474 1352 542 est,
1371 476 1441 527 est
1467 476 1595 529 enim
1616 475 1830 529 Ecclesia
1855 478 1907 530 in
1933 475 2021 532 suo
2046 478 2168 549 fine,
2194 479 2375 535 idcirco

386 556 529 623 pauci
568 554 718 606 hodie
743 553 926 621 aliquas
949 551 1242 603 tentationes
1269 546 1552 618 spirituales
1579 549 1828 621 iubeunt3
1870 551 1984 604 inde
2004 554 2094 624 est,
2122 555 2255 625 quod
2286 556 2374 610 vix

383 625 565 680 sciatur
588 626 707 696 quid
732 624 867 691 sunt,
912 624 964 676 ὃζ
995 621 1053 673 ad
1080 622 1200 692 quid
1226 623 1526 688 conducunt.
1697 635 1703 637 “
1742 639 1746 642 ·
2054 680 2056 683 .
2087 676 2089 679 ,

462 698 618 771 8966.
665 697 994 750 Tentationes
1034 697 1328 746 conducunt
1353 696 1412 747 ad
1439 692 1785 747 confirmanda
1826 713 1942 748 vera
1981 697 2117 768 fidei,
2161 711 2271 756 tum
2313 700 2377 754 ad

379 771 736 841 ‘implantanda
760 771 854 831 illa,
901 771 957 823 ὅ(
982 770 1041 820 ad
1071 765 1356 820 insinuanda
1382 771 1431 821 in
1462 772 1790 835 voluntatem,
1842 785 1906 830 ut*
1941 770 2066 824 fiant
2090 769 2223 825 bona
2251 775 2377 826 cha-

389 847 571 899 ritatis:
619 846 768 896 homo
793 846 943 909 enim,
986 855 1046 894 ut
1071 841 1208 912 prius
1233 840 1419 894 dietum
1449 843 1539 910 est,
1585 852 1862 912 pugnatex
1906 845 2043 897 veris.
2060 843 2178 898 fidei
2201 846 2378 898 contra

352 930 355 934 ’
385 919 509 969 mala
527 919 582 971 ὃζ
601 915 731 985 falsa,
755 918 810 970 ὅζ
833 920 1090 986 quiartunc
1116 931 1249 966 mens
1272 914 1373 986 ejus
1393 915 1461 966 est
1481 916 1530 966 in
1554 914 1699 981 veri8‚
1739 932 1853 966 cum
1882 917 2062 982 vincit,
2106 917 2377 973 confirmat

385 988 433 1042 se
463 992 514 1042 in
549 992 660 1058 illis,
700 1008 753 1040 ac
780 993 1049 1059 implantat
1077 1006 1164 1057 ea,
1218 987 1272 1039 ὅζ
1297 1000 1496 1059 quoque
1535 987 1662 1039 mala
1686 986 1742 1038 ὅζ
1769 985 1924 1056 falsa,
1947 1009 2061 1060 quae
2103 992 2378 1070 impugna-

386 1075 527 1131 runt,
566 1082 659 1134 pro
687 1065 825 1115 hoste
851 1064 1019 1128 habet,
1057 1060 1112 1113 ὃζ
1136 1081 1164 1114 a
1187 1057 1235 1112 se
1262 1061 1426 1131 rejicit.
1503 1060 1597 1113 P'er
1622 1061 1926 1114 tentationes
1954 1063 2105 1116 etiam
2129 1067 2375 1135 concupi·

356 1177 362 1181 ,
384 1135 621 1203 scentiae,..
644 1146 759 1208 qu'ae
783 1134 894 1189 sunt
918 1151 1139 1189 amorum
1160 1133 1229 1186 sui
1250 1134 1306 1186 ὃζ
1328 1133 1522 1200 mundi,
1567 1136 1862 1197 domantur,
1879 1135 1934 1187 &
1957 1138 2109 1190 homo
2135 1139 2378 1191 humilia-

302 1275 305 1277 ,
386 1221 506 1279 tur,
546 1209 617 1261 ita
638 1222 786 1281 aptus
807 1210 993 1262 reditur
1013 1208 1071 1262 ad
1093 1207 1424 1278 recipiendum
1451 1207 1608 1263 vitam
1630 1204 1745 1259 coeli
1767 1224 1796 1258 a
1816 1207 2047 1263 Domino
2067 1231 2102 1280 ᾗ,
2125 1229 2243 1282 quae
2271 1212 2380 1264 vita

388 1283 457 1337 est
485 1283 590 1335 vita
613 1301 746 1336 nova
771 1284 929 1354 qualis
952 1283 1020 1334 est
1046 1292 1344 1350 regenerato,
1666 1297 1670 1336 ῥ
2352 1281 2360 1289 ’

461 1355 616 1428 8967.
653 1358 788 1429 Qia
815 1375 902 1427 per
923 1355 1221 1409 tentationes
1241 1351 1601 1406 confirmantur
1627 1351 1907 1419 vera‘fidei‚
1932 1355 1987 1407 ὅ(
2008 1355 2371 1426 implantantur

383 1431 518 1487 bona
559 1430 831 1496 charitatiS,
871 1429 927 1481 ὃζ
950 1445 1162 1500 (ῙιιοᾳυετΔ
1189 1429 1458 1483 domantur
1506 1423 1917 1496 concupiscentiae
1957 1428 2101 1496 mali,
2147 1424 2373 1499 >tequitur

385 1503 519 1574 quod
548 1521 632 1573 per
656 1503 949 1555 tentationes
973 1499 1245 1554 dominium
1265 1501 1542 1573 acquiratur
1583 1499 1832 1571 spirituaii
1859 1495 1940 1553 seu
1964 1504 2162 1556 interno
2182 1503 2377 1555 homini
2404 1540 2406 1544 -

382 1576 530 1648 super
553 1577 825 1630 naturalem
849 1574 929 1629 seu
954 1588 1235 1638 externum,
1289 1575 1360 1627 ita
1384 1575 1525 1643 bono
1557 1573 1694 1644 quod
1725 1576 1982 1625 charitatis
2004 1575 2060 1626 ὅζ
2082 1572 2195 1628 fidei
2220 1573 2369 1645 super

383 1651 571 1703 malum
595 1649 731 1721 quod
757 1646 931 1702 amoris
954 1648 1024 1701 sui
1048 1648 1104 1701 ὅζ
1131 1647 1322 1704 mundi.
1395 1648 1519 1718 Qo
1545 1645 1694 1707 faeio,
1732 1648 1921 1698 homini
1946 1646 2008 1698 fit
2034 1648 2296 1714 illustratio
2317 1649 2374 1703 &Z

383 1726 640 1795 perceptio
662 1722 782 1794 quid
812 1740 980 1775 verum
1002 1721 1058 1774 δί
1078 1723 1199 1792 quid
1223 1722 1438 1787 bonum,
1490 1731 1601 1773 tum
1626 1721 1755 1786 quid,
1774 1723 1955 1773 maium
1981 1720 2038 1773 ὅζ
2063 1720 2275 1791 falsu-m,
2317 1721 2374 1776 ὅζ
2469 1723 2471 1725 ’

382 1797 498 1850 inde
524 1793 847 1867 intelligentia
872 1795 927 1848 ὃζ
952 1794 1204 1867 sapientia,
1242 1812 1358 1865 quae
1383 1794 1548 1863 postea
1575 1794 1726 1847 indies
1751 1792 1997 1854 crescunt.
2426 1798 2429 1802 “

460 1869 612 1943 8968.
666 1870 847 1924 Homo
871 1887 983 1922 cum
1006 1887 1092 1942 per
1119 1885 1235 1934 vera
1266 1866 1381 1920 fidei
1414 1867 1744 1929 introducitur
1770 1868 1830 1920 ad
1859 1869 2055 1919 bonum
2089 1865 2369 1940 charitatiS,

381 1954 504 1997 tunc
543 1943 834 1997 tentationes
870 1941 1044 2011 subit3
1097 1947 1150 1993 a't
1177 1959 1289 1995 cum
1314 1943 1365 1994 in
1390 1942 1526 1994 bono
1556 1942 1809 1994 charitatis
1846 1941 1934 2008 est,
1950 1939 2178 2001 4ceffant·
2199 1950 2372 2010 tenta·

382 2017 577 2086 tiones;
616 2030 736 2070 tunc
760 2019 893 2070 enim
920 2018 970 2068 in
996 2015 1124 2079 c-oelo
1149 2015 1233 2068 est.
1743 2044 1746 2048 -
1921 2070 1923 2072 .
1944 2078 1947 2082 Ι

459 2089 614 2163 8969.
664 2090 729 2144 In
764 2090 1131 2144 tentationibus
1162 2105 1381 2160 pugnare
1420 2088 1572 2141 debet
1608 2089 1764 2140 homo
1805 2098 1981 2141 contra
2017 2086 2144 2138 mala
2167 2085 2225 2139 ὅζ
2253 2081 2370 2141 falsa

381 2161 514 2216 sicut
541 2183 602 2216 ex
623 2162 692 2232 se,
730 2162 811 2216 sed
837 2161 983 2233 usque
1007 2162 1169 2214 credet
1191 2162 1325 2233 quod
1350 2179 1411 2214 ex
1439 2161 1658 2221 Domino
1675 2178 1705 2231 ς’
1742 2158 1777 2212 fi
1805 2178 1905 2212 non
1928 2162 2086 2213 credit
2116 2160 2163 2211 id
2190 2160 2240 2211 in
2265 2159 2368 2231 ipsa

381 2237 678 2305 tentatione,
715 2237 833 2307 quia
879 2249 1002 2289 tunc
1039 2235 1083 2286 ei
1120 2236 1381 2289 obscurum
1417 2235 1506 2301 est,
1546 2231 1697 2305 usque
1734 2234 2052 2305 credenpost
2089 2233 2240 2298 illam.
2314 2232 2369 2286 Si

381 2311 537 2362 homo
562 2310 670 2380 post
691 2310 1021 2370 tentationem
1044 2326 1144 2362 non
1163 2307 1443 2372 crediderit,
1478 2309 1613 2378 quod
1635 2307 1881 2359 Dominus
1908 2306 2038 2360 solus
2059 2308 2368 2376 ‘pugnaverit

384 2399 478 2453 pro
501 2383 601 2452 illo,
635 2382 690 2436 δῖ
714 2384 886 2437 vicerit
911 2386 1002 2454 pr'o
1020 2382 1102 2435 illo
1125 2397 1251 2437 tunc
1275 2381 1603 2453 tentationem
1629 2381 1779 2433 modo
1803 2392 2050 2434 externam
2078 2379 2361 2449 subiverat3

365 2459 500 2527 ‘quae
540 2455 754 2513 tentatio
790 2474 892 2511 non
934 2459 1032 2511 alte
1072 2467 1320 2530 penetrat,
1358 2472 1447 2510 nec
1481 2455 1683 2527 *aliquid
1699 2453 1829 2509 ‘fidei
1859 2455 1918 2508 &
1951 2453 2202 2508 charitatis
2236 2452 2364 2505 irra-

376 2529 529 2584 d-icat.
1283 2537 1286 2539 ’
1557 2564 1563 2570 -
2119 2538 2122 2541 ’

1984 3141 2356 3220 τΑΡυΤ
