2722 3684
388 216 606 286 180*
795 209 970 281 E
1080 204 1166 280 Χ
1293 211 1352 280 O
1451 211 1567 284 :D
1707 214 1782 284 U
1915 213 1979 285 S.

386 357 500 390 mox
522 339 653 405 supra
676 355 704 389 n
724 356 735 388 t
763 340 888 392 8888
913 359 929 393 3
963 340 1013 387 &
1029 354 1136 387 cum
1161 338 1429 403 praedicatur
1446 339 1504 388 de
1519 339 1751 404 Jehovah,
1776 341 1864 390 hoc
1883 341 1964 399 est,
1990 340 2222 401 Domino,
2242 340 2372 405 quod

386 409 441 457 fit
462 409 588 459 labor
603 423 718 456 ,cum
742 407 944 461 homine,
990 419 1236 469 antequam
1261 417 1565 466 regeneratur,
1618 423 1648 453 n
1670 424 1681 454 :
1726 411 1785 469 85
1799 425 1856 457 ιο
1877 430 1891 464 3
1944 422 2002 456 ex
2045 403 2375 472 significatione

388 474 493 523 coeli
523 475 568 522 ὅτ
595 486 739 530 terrae,
775 472 902 537 quod
922 473 973 520 fit
997 470 1196 519 Ecclefia
1229 471 1302 518 seu
1324 473 1549 534 Regnum
1567 473 1764 533 Domini
1800 474 1847 522 in
1883 475 2091 531 homine,
2127 476 2299 524 coelum
2325 476 2375 523 in
2418 477 2426 485 ‘

386 541 565 590 interno
589 542 842 588 &terrain
865 554 1070 592 externo,
1094 537 1151 584 de
1165 553 1256 601 qua
1280 553 1339 584 n:
1370 541 1448 585 82.
1476 554 1561 597 141
1578 557 1617 587 1.
1644 554 1786 604 1733.
1810 544 1946 602 1850.
1965 546 2109 604 2117.
2131 558 2217 592 211
2234 546 2261 591 8
2278 541 2342 588 fin
2359 558 2380 589 t·

395 624 424 670 3
431 625 456 671 3
464 626 490 669 5
499 625 524 669 5
544 609 604 654 fin
622 623 634 653 :
656 624 716 667 45
727 623 805 668 35,
833 606 893 650 ita
912 604 974 649 est
993 603 1136 650 homo
1151 613 1451 666 regeneratuS,
1473 603 1560 651 hoc
1575 605 1658 661 est,
1675 609 1755 667 qui
1772 621 1940 655 novam
1959 607 2103 655 vitam
2124 608 2279 656 naftus
2295 607 2378 665 est,

386 674 446 721 iic
470 675 726 720 vivificatus
749 692 762 725 3
800 671 849 718 &
864 685 920 716 ex
942 670 1270 731 fignificatione
1289 669 1441 727 mariS,
1476 671 1603 735 quod
1621 672 1675 719 fit
1694 671 1888 720 sensuale
1904 673 2135 721 adhaerens
2155 689 2379 738 corporeo

388 740 605 794 hominis,
642 739 700 785 de
725 752 816 800 qua
839 753 866 783 n
886 753 897 782 ε
929 739 1072 797 8872.
1141 736 1193 784 In
1214 736 1305 784 hoc
1321 736 1470 783 Versu
1487 737 1637 798 agitur
1661 738 1720 784 de
1742 738 2094 786 sanctificatione
2121 740 2213 788 diei
2238 739 2378 804 septi-

388 806 472 860 mi,
511 805 583 851 seu
607 804 663 851 de
681 804 960 850 institutione
1005 800 1223 859 sabbathi,
1260 804 1309 850 δε
1332 801 1598 851 describitur
1623 819 1703 866 per
1724 804 1852 868 quod
1901 812 1936 833 ‘⁶
1957 797 2164 865 Jehovah
2191 808 2271 867 fix
2291 805 2379 852 die·

387 871 464 918 bus
477 872 583 931 fecit
608 870 750 918 carlum
774 869 829 918 ΕΒ
853 878 1031 925 terram,
1067 885 1187 917 mare
1211 869 1268 918 ΕΞ
1284 885 1401 916 omne
1422 868 1532 932 quod
1549 871 1595 916 in
1616 870 1720 925 illis,
1757 870 1998 934 &quievit
2022 872 2068 918 in
2091 869 2158 917 die
2179 869 2389 934 septime,

385 936 542 985 idcirco
564 936 770 984 benedixit
803 936 1006 997 Jehovah
1041 933 1125 983 diei
1153 936 1345 999 septimo,
1400 935 1455 984 &
1467 935 1762 998 santificavit
1786 936 1904 985 illum
1926 935 1990 991 ;''
2038 936 2123 1001 qui
2147 953 2238 984 non
2263 937 2391 985 ultra-

387 1002 561 1051 sensum
578 1003 726 1050 ‘literae
748 1002 969 1066 cogitant,
1005 1002 1070 1048 illi
1112 1018 1205 1049 non
1244 1002 1388 1050 aliteri
1409 1002 1588 1049 credere
1630 1003 1831 1065 poflunt,
1871 1007 2014 1066 quam
2074 1003 2167 1050 uod
2190 1003 2378 1061 creatio,

385 1078 493 1134 quae
513 1069 783 1116 describitur
809 1085 853 1115 in
870 1068 1032 1132 Capite
1051 1068 1211 1116 Primo
1229 1070 1279 1116 δε
1303 1067 1512 1115 Secundo
1531 1067 1774 1125 Geneseos,
1810 1069 1861 1116 fit
1882 1071 2048 1118 creatio
2123 1068 2308 1127 niverfi,
2326 1069 2379 1117 ὅτ.

386 1134 517 1200 quod
542 1135 615 1182 sex
639 1135 735 1183 dies
771 1134 938 1181 fuerint
972 1135 1084 1182 intra
1125 1150 1242 1199 quos
1265 1147 1407 1182 creata
1430 1134 1532 1182 sunt
1567 1135 1763 1192 coelum,
1800 1147 1933 1192 terra,
1969 1151 2109 1192 mare,
2144 1136 2195 1184 &
2218 1137 2376 1184 omnia
2471 1147 2476 1180 ι

387 1218 499 1267 quae
521 1203 563 1250 in
583 1202 688 1258 illis,
723 1202 773 1250 ὅτ
808 1201 994 1247 tandem
1018 1201 1160 1248 homo
1184 1200 1238 1246 ad
1263 1200 1608 1248 similitudinem
1630 1191 1742 1278 Djei
1763 1218 1773 1247 :
1811 1201 1885 1249 sed
1910 1202 2012 1265 qu'is
2037 1217 2169 1259 non„
2186 1202 2267 1267 qui
2291 1202 2380 1250 firr-
2426 1209 2442 1241 r5
2475 1229 2481 1270 ἰ

389 1270 498 1331 gula
521 1268 756 1334 expendit,
791 1267 935 1315 videri
955 1266 1118 1330 potest,
1153 1267 1281 1331 quod
1305 1281 1397 1314 non
1421 1266 1589 1313 creatio
1608 1266 1804 1314 universi
1825 1267 1887 1314 ibi
1907 1267 2139 1316 intellecta
2153 1268 2206 1316 sit
2227 1290 2242 1323 3
2278 1268 2381 1316 sunt

384 1335 511 1383 enim
537 1335 597 1382 ibi
625 1333 742 1389 talia,
778 1349 883 1398 quae
906 1349 962 1380 ex
988 1332 1114 1380 sensu
1136 1331 1376 1380 communi
1400 1331 1497 1380 sciri
1523 1332 1724 1395 possunt,
1758 1333 1886 1399 quod
1910 1349 2004 1380 non
2042 1333 2104 1380 ita
2142 1333 2228 1388 fit3
2269 1334 2383 1383 ficut

384 1401 513 1466 quod
537 1401 631 1448 dies
659 1400 827 1447 fuerint
846 1410 1088 1463 antequam
1109 1397 1173 1445 sol
1197 1399 1247 1445 &
1271 1397 1392 1456 luna,
1426 1398 1554 1463 quod
1581 1398 1663 1446 lux
1700 1400 1750 1448 &
1775 1400 1991 1455 tenebrae‚
2009 1399 2078 1461 ,δε
2100 1400 2227 1463 quod
2251 1414 2385 1462 eger-

384 1470 575 1516 minatae
598 1467 749 1516 herbae
772 1467 821 1514 ὅτ
839 1466 1018 1512 arbores
1042 1486 1056 1519 3
1090 1466 1311 1514 &tamen
1336 1465 1466 1531 quod
1490 1480 1574 1528 per
1599 1464 1679 1512 illa
1703 1465 1941 1514 luminaria
1980 1465 2062 1513 lux
2086 1465 2190 1512 data
2225 1466 2294 1523 fit,
2330 1473 2387 1515 ac'

383 1534 650 1581 distinctum
676 1532 722 1579 in
750 1534 900 1579 lucem
934 1532 984 1580 &
1017 1532 1239 1589 tenebras,
1277 1533 1328 1580 ὅτ
1364 1530 1422 1579 fic
1448 1530 1555 1580 facti
1594 1530 1716 1580 dies:
1774 1532 1820 1579 in
1847 1531 2140 1596 sequentibus
2161 1531 2225 1579 ibi
2245 1533 2386 1581 etiam

383 1599 544 1649 similia
570 1599 685 1655 sunt,
719 1613 835 1662 quae
851 1598 928 1644 vix
953 1598 1010 1645 ab
1033 1597 1205 1662 aliquo,
1243 1599 1325 1662 qui
1362 1598 1543 1647 interius
1566 1598 1761 1660 cogitat,
1795 1599 2107 1662 agnoscuntur
2146 1598 2274 1662 quod
2319 1599 2395 1660 ita·

384 1666 472 1713 effe
500 1666 753 1730 potuerint,
789 1664 1048 1729 ficut-quod
1074 1664 1262 1721 faemina
1280 1681 1338 1713 ex
1354 1663 1474 1712 costa
1499 1663 1586 1712 viri
1611 1663 1835 1712 aedificata
1859 1664 1947 1720 lit3
1984 1678 2085 1712 turn
2115 1665 2238 1727 quod
2259 1664 2382 1713 binae

385 1734 565 1779 arbores
586 1733 642 1780 in
669 1730 874 1795 paradiso
892 1731 1049 1794 positae
1074 1731 1175 1788 sint,
1221 1747 1280 1779 ex
1313 1747 1507 1796 quarum
1543 1729 1676 1779 unius
1710 1729 1867 1778 frustu
1887 1731 2017 1779 edere
2045 1731 2345 1779 interdictum
2364 1751 2384 1787 3

385 1800 435 1846 &
460 1798 584 1863 quod
610 1799 781 1862 serpens
798 1813 857 1845 ex
872 1812 960 1845 una
981 1797 1193 1862 loquutus
1217 1797 1271 1845 fit
1289 1813 1397 1846 cum
1417 1813 1556 1847 uxore
1575 1796 1796 1854 hominis,
1830 1799 1909 1862 qui
1928 1797 2196 1846 mortalium
2212 1797 2381 1861 sapien-

384 1865 573 1912 tiffimus
591 1863 747 1919 fuerat,
784 1864 834 1910 δε
858 1880 938 1927 per
960 1864 1192 1928 loquelam
1230 1866 1376 1922 suam,
1414 1880 1522 1927 quae
1555 1875 1651 1911 erat
1689 1878 1745 1910 ex
1784 1878 1861 1911 ore
1884 1863 2116 1927 serpentis,
2153 1862 2393 1927 deceperit·

382 1942 670 1993 utrumque3
708 1932 757 1979 ὅτ
782 1930 911 1994 quod
947 1930 1212 1977 universum
1247 1945 1390 1992 genus
1423 1930 1698 1998 humanum,
1733 1931 1877 1995 usque
1901 1930 1957 1976 ad
1995 1941 2066 1977 tot
2101 1928 2246 1982 millia
2279 1928 2382 1976 mil-

382 1996 513 2052 lium,
551 1997 720 2044 idcirco
743 1997 1065 2044 damnarentur
1090 1995 1266 2044 inferno
1289 2014 1298 2043 :
1337 1997 1436 2044 haec
1452 1995 1682 2045 &similia
1701 1995 1763 2043 ibi
1784 2013 1875 2044 non
1896 1995 2076 2059 possunt
2097 2010 2187 2043 non
2206 1995 2263 2041 ad
2283 1995 2381 2058 pri·
2400 2050 2409 2060 ι

384 2079 508 2110 marn
533 2064 859 2127 cogitationem
885 2077 1096 2126 apparere
1131 2062 1358 2126 paradoxa
1394 2062 1495 2120 illis,
1549 2063 1631 2128 qui
1672 2062 1843 2126 aliquid
1881 2061 2010 2110 dubii·
2049 2061 2106 2109 de
2149 2060 2381 2110 sanctitate
2431 2107 2432 2110 ,

383 2129 526 2176 Verbi
551 2130 730 2186 fovent,
766 2129 816 2177 &c
840 2128 945 2175 dein
973 2128 1181 2176 inducere
1205 2128 1263 2176 ad
1299 2129 1558 2191 negandum
1595 2129 1823 2179 Divinum
1846 2127 1961 2176 ibi:
2014 2139 2212 2175 attamen
2238 2127 2382 2176 scien·

383 2191 515 2252 dum,
551 2196 676 2260 quod
694 2196 850 2242 omnia
872 2195 921 2243 δε
948 2194 1119 2258 singula
1142 2195 1205 2243 ibi
1241 2194 1384 2260 usque
1423 2195 1478 2242 ad
1520 2194 1762 2243 minimam
1787 2194 1964 2258 jotham
1991 2193 2166 2250 Divina
2187 2193 2292 2251 flur,
2329 2187 2384 2241 ac

314 2295 317 2299 -
384 2261 430 2308 in
458 2262 497 2309 se
521 2264 782 2309 contineant
803 2277 978 2317 arcana,
1015 2277 1304 2326 quaecoram
1329 2260 1525 2325 Angelis
1557 2261 1603 2307 in
1626 2261 1756 2308 coelis
1779 2274 1831 2308 ut
1857 2261 1902 2308 in
1925 2260 2039 2308 clara
2075 2260 2150 2307 die
2185 2258 2342 2323 patent
2361 2278 2385 2315 3

384 2329 508 2391 quod
536 2329 595 2376 ita
618 2328 685 2383 fit,
722 2327 783 2375 est
806 2327 950 2382 causa,
997 2329 1103 2389 quia
1134 2327 1306 2389 Angeli
1330 2326 1476 2377 Verbi
1501 2326 1674 2381 sensum
1709 2342 1801 2374 non
1827 2326 1987 2375 vident
2009 2325 2252 2374 secundum
2280 2325 2381 2377 lite-

384 2411 513 2450 ram,-
537 2393 606 2440 sed
630 2393 872 2451 secundum
899 2392 973 2440 illa
992 2409 1099 2456 quae
1121 2394 1233 2441 inibi
1258 2394 1375 2450 sunt,
1411 2408 1519 2457 quae
1545 2392 1646 2442 sunt
1668 2392 1913 2456 spiritualia
1936 2393 1986 2440 δε
2004 2391 2235 2449 coelestia,'
2254 2407 2305 2439 ac
2330 2390 2381 2439 in

299 2479 301 2482 ·
383 2460 453 2507 his
475 2459 650 2508 Divina
673 2482 686 2514 3
723 2460 805 2516 illi,
841 2461 947 2507 cum
973 2455 1187 2508 Primum
1210 2459 1365 2524 Caput
1389 2459 1618 2509 Geneseos
1641 2459 1821 2522 legitur,
1847 2475 1941 2507 non
1967 2457 2229 2522 percipiunt
2243 2458 2381 2506 aliam

383 2527 661 2574 creationem
683 2542 824 2591 quam
851 2541 1022 2574 novam
1048 2524 1271 2584 hominis,
1309 2542 1417 2590 quae
1451 2523 1760 2591 Regeneratio
1795 2539 2019 2580 vocatur3
2071 2525 2182 2589 haecv
2208 2523 2383 2590 ibide-

382 2591 543 2654 scripta
569 2592 631 2640 est
653 2614 667 2647 3
702 2609 752 2639 ac
778 2608 856 2655 per
880 2590 1144 2639 Paradisum
1173 2590 1388 2656 sapientia
1413 2590 1614 2640 hominis
1637 2608 1662 2642 e
1690 2607 1815 2641 novo
1833 2593 1969 2640 creati
1991 2612 2005 2646 3
2057 2603 2136 2654 per
2159 2589 2383 2655 bin‘asat-

383 2660 514 2712 bores
540 2658 584 2704 in
613 2658 767 2705 medio
791 2658 885 2722 ejus
909 2658 1030 2705 binae
1055 2658 1175 2707 illius
1200 2659 1397 2707 bominis
1431 2655 1678 2716 facultates,
1732 2674 1899 2722 nempe
1926 2657 2137 2706 voluntas
2156 2656 2271 2723 'boni
2296 2667 2381 2719 per

318 2760 322 2777 .
384 2725 590 2781 arborem
608 2726 738 2782 vitae,
760 2740 810 2773 ac
834 2724 1088 2774 intellectus
1112 2727 1207 2772 veri
1232 2741 1310 2788 per
1328 2725 1535 2774 arborem
1555 2724 1754 2773 scientiae
1775 2726 1859 2782 3&
1880 2724 2009 2790 quod
2029 2722 2224 2791 vetitum
2243 2721 2378 2770 suerit

386 2792 521 2839 edere
542 2806 596 2837 ex
624 2789 702 2837 hae
726 2787 916 2847 arbores.
934 2790 1153 2852 eratquia
1178 2791 1323 2839 homo
1348 2803 1638 2852 regeneratus
1664 2791 1739 2839 seu
1763 2807 1787 2838 e
1809 2804 1944 2841 novo-
1957 2802 2133 2855 creatus
2166 2804 2268 2836 non.
2284 2803 2382 2835 am-
2427 2821 2430 2825 -

385 2852 503 2920 plius
525 2856 659 2904 debet
682 2856 787 2903 duci
830 2873 910 2921 per
950 2855 1236 2906 intellectum
1275 2857 1371 2905 veri
1411 2856 1486 2904 sed
1511 2873 1591 2921 per
1615 2858 1910 2919 voluntatem·
1926 2857 2055 2915 boni,
2091 2855 2141 2902 δε
2183 2853 2216 2901 fi
2253 2854 2383 2902 aliter

387 2923 512 2986 quod
534 2938 707 2971 novum
732 2923 842 2970 vitae
877 2923 971 2988 ejus
994 2935 1179 2986 pereat3
1232 2923 1289 2971 de
1327 2922 1490 2988 qui-bus
1530 2924 1772 2974 videantur
1811 2923 1874 2972 n':
1905 2936 2026 2971 ἀοι.
2073 2936 2189 2984 337..
2230 2936 2379 2981 2454.
2470 2931 2471 2934 ’

390 3004 532 3052 2715.
563 2989 707 3052 3246.
735 2990 879 3052 3652.
906 2993 1053 3050 4448.
1085 2993 1213 3053 5895
1254 2991 1350 3038 fin:
1389 2993 1517 3053 5897-
1559 2991 1659 3039 fin:
1706 2995 2022 3053 787.7.,7923.
2051 2998 2195 3050 7992.
2228 2984 2377 3049 8505.

392 3057 535 3115 8506.
578 3061 719 3117 8510.
759 3058 902 3116 8512.
940 3057 1086 3116 8516.
1126 3059 1268 3121 8539.
1309 3057 1452 3118 8643.
1491 3055 1636 3116 8648.
1677 3054 1990 3118 86'58.v8'69o.
2019 3055 2164 3116 870'1.
2195 3056 2320 3123 8722·
2351 3074 2372 3109 3
2467 3069 2472 3072 ’

385 3119 714 3193 consequenter
730 3120 866 3188 ,quod
886 3137 965 3193 per
989 3121 1234 3187 Adamum
1255 3121 1325 3189 seu
1348 3122 1612 3170 Hominem
1639 3126 1689 3171 &
1713 3139 1793 3187 per
1812 3121 2036 3184 Chaivarn
2062 3131 2376 3181 uxorem1ejus
2440 3164 2443 3173 ,

388 3187 452 3236 ibi
475 3187 777 3273 intellefta‘fit
793 3203 912 3257 nova·
936 3186 1152 3247 Ecclesia,
1188 3190 1239 3239 δε
1259 3205 1341 3259 per
1363 3187 1492 3259 esum
1511 3189 1574 3257 {ex-
1593 3190 1749 3260 arbore
1767 3186 1981 3260 scientiae,
2016 3187 2134 3256 illius
2158 3185 2378 3318 Εεὲἑῗιξ
2456 3220 2467 3224 =
