2684 3672
643 235 975 306 CAPUT
1025 228 1495 302 DECIMUM
1540 230 1963 337 SEXTUM.
2215 259 2299 322 37

291 362 684 428 quemadmodum
722 368 938 431 praecepit
962 367 1202 426 Mostheh,
1239 368 1462 432 fignificat
1486 367 1733 415 secundum
1768 367 2106 415 instructionem
2130 384 2154 415 a
2173 367 2300 414 Vero

293 431 495 478 Divino:
532 432 581 479 δι
609 448 699 480 11011
725 437 1009 498 computruit
1040 437 1090 483 &
1124 437 1291 483 vermis
1323 453 1414 483 non
1450 433 1538 482 fuit
1572 435 1618 482 in
1653 451 1724 492 eo,
1760 434 1981 498 fignificat
2020 434 2146 497 quod
2187 434 2297 481 nihil

289 496 435 559 spurci
459 498 624 556 inesset,
661 501 768 563 quia
788 503 1129 566 appropriatum
1160 504 1219 550 ita
1251 519 1276 549 a
1298 497 1522 550 Domino.

291 597 294 600 -
358 568 502 628 8485.
540 565 604 612 Et
627 567 906 629 collegerunt
931 569 1043 615 illud
1069 585 1201 616 mane
1226 585 1372 626 mane,
1409 570 1537 633 quod
1562 568 1784 633 significet
1808 568 2115 631 receptionem
2142 565 2248 612 boni
2273 582 2299 613 a

288 630 499 686 Domino
513 629 703 695 jugiter,
741 633 912 682 constat
933 650 992 681 ex
1012 634 1338 698 significatione
1366 637 1580 700 colligere
1618 651 1791 700 nempe?
1825 650 2057 690 mannam,
2094 632 2220 696 quod
2246 631 2298 679 fit

288 698 487 760 receptio
519 697 644 755 boni,
683 712 735 747 ut
773 699 905 764 supra
938 717 999 749 n:
1028 703 1169 767 8467.
1203 707 1328 767 8472
1354 725 1368 758 3
1403 703 1452 750 δε
1476 719 1532 750 ex
1556 702 1882 766 significatione
1914 716 2045 749 mane
2069 715 2200 747 mane
2224 698 2298 746 seu

291 762 469 826 fingulo
503 780 652 823 mane,
687 767 813 830 quod
854 768 908 815 fit
944 766 1130 831 jugiter3
1167 786 1249 833 per
1273 785 1404 816 mane
1428 785 1559 817 mane
1583 771 1706 816 enirn
1730 768 2009 831 significatur
2027 767 2179 831 quivis
2203 781 2298 813 cra-

290 827 431 877 stinus
453 831 566 888 dies,
605 835 653 880 &
675 849 755 897 per
777 834 1025 897 crastinum
1049 836 1328 899 significatur
1349 848 1592 894 aeternum,
1621 852 1658 898 *n
1678 854 1690 884 ε
1717 839 1865 900 3998,
1903 838 1965 882 ita
1988 848 2174 898 quoque
2197 847 2297 896 per·

352 907 433 943 tuo
455 899 503 945 &
530 897 574 944 ’u
615 901 710 947 'ten
1626 939 1630 942 .
1771 914 1777 918 ·
2091 934 2114 939 1

291 911 748 1032 pe8486.J(‡gu¹isque
787 965 1036 1017 secundum
1072 985 1123 1017 os
1155 967 1421 1033 edere‘ejus‚
1456 969 1583 1035 quod
1609 968 1832 1033 significet
1856 967 2021 1031 cuique
2045 966 2296 1014 secundum

289 1033 540 1094 potentiam
565 1035 956 1096 appropriationis‚
993 1035 1164 1089 constat
1187 1052 1245 1084 ex
1270 1037 1357 1085 illis
1380 1036 1511 1101 supra
1535 1054 1564 1085 n
1585 1055 1596 1086 :
1625 1037 1770 1101 8467,
1806 1034 1886 1083 ubi
1903 1034 2061 1082 similia
2077 1033 2227 1082 verba.

287 1125 294 1132 ·
360 1100 504 1161 8487.
541 1098 606 1146 Et
629 1101 812 1148 incaluit
837 1101 899 1148 sol
923 1103 974 1149 &
997 1102 1292 1167 liquefactum
1315 1103 1396 1162 est,
1431 1103 1560 1168 quod
1585 1103 1806 1168 significet
1828 1101 1958 1166 quod
1980 1100 2209 1148 evanescat
2234 1099 2295 1146 se-

288 1163 497 1210 cundum
516 1166 712 1227 gradum
730 1167 966 1217 crescentis
983 1169 1379 1233 concupiscentiae,
1415 1169 1588 1218 constat
1610 1186 1668 1217 ex
1691 1168 2017 1232 significatione
2041 1165 2299 1215 incalescere

291 1230 371 1288 sol,
406 1230 534 1294 quod
573 1231 628 1279 fit
665 1234 862 1282 crescens
901 1237 1282 1300 concupiscentia,
1318 1237 1376 1285 de
1415 1252 1509 1301 qua
1547 1236 1783 1300 sequitur;
1819 1236 1868 1283 &
1894 1250 1950 1282 ex
1972 1234 2298 1298 significatione

290 1293 528 1360 liquefieri,
565 1299 695 1362 quod
729 1300 783 1347 sit
815 1301 1085 1350 evanescere.
1156 1304 1303 1369 Qiod
1328 1305 1513 1352 incaluit
1537 1303 1599 1352 sol
1624 1303 1677 1350 fit
1700 1302 1897 1350 crescens
1920 1302 2297 1365 concupiscentia,

290 1363 358 1411 est
379 1365 487 1427 quia
509 1363 570 1411 sol
595 1367 642 1413 in
677 1365 799 1414 bono
833 1366 956 1428 sensu
990 1368 1213 1431 fignificat
1250 1386 1453 1418 amorem
1494 1369 1743 1426 coelestem,
1778 1384 1835 1416 ex
1858 1367 1984 1416 causa
2003 1370 2110 1432 quia
2132 1368 2301 1416 Domi-

295 1446 380 1477 nus
419 1429 483 1477 est
519 1431 582 1479 sol
620 1434 667 1479 in
702 1433 850 1480 altera'
870 1436 982 1492 vita,
1017 1451 1070 1482 ac
1092 1436 1215 1483 calor
1230 1438 1316 1500 qui
1341 1437 1447 1485 inde
1466 1438 1595 1485 venit
1623 1435 1688 1483 est
1716 1436 1891 1483 bonum
1926 1436 2109 1491 amoris,
2144 1450 2196 1482 ac
2220 1434 2301 1481 lux

294 1512 459 1544 verum
478 1496 618 1554 fidei3
653 1499 780 1563 quod
796 1501 1030 1549 Dominus
1053 1501 1108 1550 fit
1130 1501 1212 1560 sol,
1246 1504 1297 1551 &
1321 1503 1428 1551 inde
1449 1519 1578 1551 amor
1602 1502 1812 1559 coelestis,
1848 1501 2055 1550 videatur
2078 1518 2130 1550 n:
2158 1518 2299 1563 1052.

300 1580 441 1625 1521.
471 1576 610 1630 1529.
641 1583 781 1628 1530.
815 1584 954 1632 1531.
981 1586 1124 1620 2120.
1154 1587 1299 1631 2441.
1320 1571 1496 1636 ‘'2495„
1519 1571 1664 1633 3636.
1704 1570 1847 1634 3643.
1875 1569 2020 1628 4060.
2049 1585 2172 1630 4321
2201 1568 2297 1617 fin:

294 1630 440 1695 4696·
461 1635 605 1693 5084·
627 1649 773 1698 5097·
794 1644 939 1699 5377.
969 1639 1113 1700 7078.
1141 1641 1284 1702 7083.
1315 1652 1459 1702 7171.
1487 1651 1629 1702 7173.
1658 1652 1821 1701 7270-,
1858 1635 1964 1682 inde
1986 1635 2064 1682 Sol
2087 1636 2132 1683 in
2155 1651 2302 1699 oppo-

295 1697 379 1744 sito
401 1695 526 1755 sensu
545 1697 610 1745 est
632 1714 763 1747 amor
786 1700 858 1748 sui
879 1702 930 1750 &
955 1703 1136 1761 mundi,
1171 1719 1223 1752 ac
1246 1699 1471 1754 calor‘seu
1499 1702 1806 1752 incalescentia
1828 1718 1885 1750 ex
1908 1701 1998 1749 sole
2027 1703 2074 1749 in
2097 1718 2153 1750 eo
2176 1701 2300 1750 sensu

294 1762 363 1811 est
386 1763 758 1828 concupiscentia.
831 1768 1090 1829 Quomodo
1128 1785 1239 1818 cum
1276 1771 1365 1820 hoc
1404 1769 1448 1819 se
1487 1769 1635 1829 habet,
1670 1770 1798 1835 quod
1821 1768 1996 1817 bonum
2022 1769 2136 1826 veri,
2170 1769 2301 1832 quod

295 1829 574 1895 significatur
611 1849 694 1896 per
733 1850 963 1892 mannam,
1015 1839 1294 1886 evanesceret
1331 1837 1582 1886 secundum
1620 1837 1817 1902 gradum
1856 1835 2089 1884 crescentis
2122 1851 2303 1884 concu-

290 1897 542 1961 spiscentiae,
577 1899 705 1963 quod
730 1899 1013 1965 fignificatur
1033 1919 1115 1968 per
1136 1901 1264 1969 quod
1286 1904 1546 1970 liquesceret
1578 1919 1687 1954 cum
1720 1903 1784 1951 sol
1817 1903 2020 1960 incaluit,
2056 1903 2211 1967 paucis
2233 1902 2303 1949 di·

297 1975 425 2013 cetur
445 1986 460 2022 3
495 1965 670 2014 bonum
697 1969 791 2015 veri
822 1967 896 2017 seu
921 1968 1097 2018 bonum
1121 1970 1346 2036 spirituale
1370 1971 1505 2021 datur
1525 1970 1716 2036 quidem
1740 1971 1916 2019 homini
1938 1969 2155 2017 Ecclefiae
2178 1968 2304 2033 spiri-

287 2031 430 2079 tualis
469 2047 578 2080 cum
618 2047 919 2099 regeneratur,
954 2035 1034 2084 sed*
1067 2039 1174 2102 quia
1213 2037 1390 2087 bonum
1430 2039 1546 2087 illud
1584 2037 1831 2102 exstinguit
1867 2052 2006 2084 omne
2038 2034 2304 2101 jucundum

297 2100 465 2146 amoris
489 2098 553 2146 sui
576 2100 626 2148 &
650 2102 830 2160 mundi,
865 2103 994 2167 quod
1027 2120 1187 2152 eorum
1221 2098 1365 2155 vitam
1399 2107 1524 2170 prius
1563 2102 1744 2163 feeerat,
1779 2119 1888 2152 nam
1927 2103 2134 2168 opposita
2165 2103 2302 2158 sunt;

298 2166 472 2216 idcirco
506 2168 628 2231 apud
666 2167 902 2218 hominem
939 2171 1071 2218 illum
1096 2188 1190 2220 non
1214 2173 1294 2221 diu
1316 2189 1487 2238 purum
1510 2172 1688 2220 bonum
1710 2172 1806 2219 veri
1824 2186 2008 2218 vmanere
2031 2169 2194 2234 potest,
2230 2169 2306 2217 sed

298 2245 578 2296 temperatur
601 2244 626 2281 a
646 2235 857 2285 Domino
890 2252 972 2300 per
994 2235 1202 2302 jucunda
1233 2254 1463 2298 amorum,
1490 2255 1606 2304 quae
1638 2237 1822 2287 fuerunt
1847 2239 1957 2286 vitae
1992 2237 2112 2284 illius
2145 2237 2301 2300 prius;

300 2315 407 2347 nam
431 2300 510 2348 nisi
536 2313 859 2366 temperaretur
886 2305 949 2351 ita
984 2304 1159 2354 bonum
1182 2307 1314 2365 illud,
1349 2308 1391 2355 ei
1415 2305 1720 2373 injucundum
1746 2306 1888 2362 fieret,
1923 2320 1976 2352 30
2001 2304 2060 2351 110
2084 2302 2302 2352 fastidire.-

299 2379 409 2424 tur-,
444 2367 530 2415 tale
552 2367 617 2415 est
639 2368 820 2417 coeleste
845 2370 1020 2419 bonum
1044 2373 1249 2437 primum
1282 2374 1406 2440 apud
1446 2373 1548 2422 illos
1584 2374 1664 2438 qui
1696 2384 2042 2438 regenerantur:
2078 2383 2303 2434 quantum

293 2433 451 2498 ‘itaque
474 2432 683 2497 jucunda
714 2452 923 2485 amorum
948 2439 1013 2486 sui
1038 2443 1087 2488 δε
1110 2441 1274 2489 mundi
1294 2442 1583 2499 exoriuntur,¹
1611 2453 1791 2488 tanturn
1818 2439 1993 2486 bonum
2018 2438 2181 2485 amoris
2204 2451 2301 2485 coe·

288 2500 420 2547 -lestls
452 2501 686 2560 evanescit,
725 2519 859 2559 nam‚‘
889 2517 941 2553 ut
970 2506 1165 2564 dictum,
1202 2508 1427 2572 opposita·
1446 2507 1565 2565 sunt,
1602 2508 1663 2555 ita
1685 2522 1869 2571 quoque
1891 2506 1992 2553 vice
2015 2503 2162 2552 versa:
2201 2503 2306 2551 inde

300 2566 382 2624 est,
417 2569 544 2631 quod
575 2569 621 2615 in
658 2570 780 2617 coelo
813 2568 899 2619 sint
928 2573 1050 2620 vices
1083 2573 1299 2631 statuum,
1336 2574 1503 2639 quibus
1526 2572 1875 2637 correspondent
1894 2573 2015 2619 vices
2038 2583 2303 2635 temporum

299 2634 346 2680 in
370 2634 563 2692 mundo,
588 2652 646 2683 n:
676 2638 820 2697 8426,
856 2639 907 2685 ὅτ
929 2640 1054 2703 quod
1082 2642 1142 2688 ita
1163 2657 1243 2704 per
1263 2644 1387 2690 vices
1410 2643 1697 2689 remittantur
1720 2641 1766 2687 in
1782 2637 1989 2703 jucunda
2011 2639 2303 2700 voluptatum

300 2700 573 2749 naturalium
596 2723 611 2758 ;
646 2719 753 2751 nam
777 2703 940 2768 absque
966 2708 1216 2756 mutatione
1239 2707 1436 2756 statuum
1460 2708 1538 2755 tali
1559 2708 1734 2756 bonum
1764 2708 1930 2754 amoris
1961 2704 2158 2752 coelestis
2181 2705 2307 2751 fieret

292 2766 415 2814 »ficut
444 2768 640 2826 aridum,
656 2771 727 2817 «δε-
749 2770 989 2830 vilesceret,
1026 2773 1152 2822 aliter
1175 2791 1285 2823 cum
1310 2783 1587 2840 temperatur
1610 2791 1691 2838 per
1704 2772 1913 2838 jucunda
1936 2772 2149 2820 naturalia
2172 2771 2306 2819 simul

302 2834 376 2881 vel
416 2833 682 2897 succeffive:
735 2837 840 2885 inde
878 2838 1121 2903 est,·quod
1149 2843 1388 2906 principio
1423 2857 1533 2890 cum
1574 2841 1679 2888 filiis
1709 2840 1878 2889 Israelis
1907 2840 2067 2887 datum
2102 2837 2166 2885 est
2191 2838 2308 2885 Man

303 2902 471 2972 quovis
504 2918 649 2960 mane,
685 2903 820 2950 etiam
854 2904 1015 2952 datum
1051 2907 1105 2967 fit
1136 2907 1252 2956 selav
1284 2909 1331 2956 in
1363 2907 1580 2972 vespera·‚
1616 2923 1722 2955 nam
1759 2924 1841 2972 per
1876 2907 1993 2955 selav
2031 2904 2309 2968 significatur

290 2969 556 3030 jucundum
582 2969 794 3027 naturale,
819 2971 868 3018 &
890 2987 1076 3040 quoque
1090 2971 1354 3037 jucundum
1380 2974 1780 3038 concupiscentiae,
1815 2991 1879 3022 nt
1905 2981 2031 3033 8452
2054 2990 2066 3020 :
2104 2983 2150 3019 at
2173 2971 2309 3020 scien-

287 3034 435 3091 ·'durn‚
470 3036 597 3099 quod
621 3035 1012 3100 concupiscentiae,
1049 3040 1095 3087 in
1124 3035 1236 3104 quas
1275 3042 1571 3089 remittuntur
1605 3041 1672 3088 illi
1708 3042 1790 3106 qui
1832 3043 1878 3088 in
1913 3039 2052 3095 coelo,
2088 3039 2308 3086 cumillis

300 3099 364 3149 est-
387 3101 582 3165 vespera,
618 3119 710 3152 non
734 3103 820 3151 fint
842 3105 1229 3169 concupiscentiae·
1248 3123 1356 3172 quae
1376 3107 1599 3172 oppositae
1620 3107 1723 3156 sunt
1746 3111 1867 3155 bono
1890 3104 2078 3163 coeksti,
2114 3105 2188 3156 sed
2209 3104 2312 3153 sunt

299 3169 699 3232 concupiscentiae,
723 3186 830 3234 quae
854 3169 1131 3235 aliquatenus
1155 3189 1265 3222 cum
1290 3174 1413 3222 bono
1429 3176 1509 3224 illo
1525 3175 1819 3231 concordant,
1845 3173 1946 3221 sunt
1969 3174 2091 3220 enirn
2106 3171 2312 3236 jucunda
2360 3212 2362 3214 .

298 3231 603 3284 benefaciendi
626 3237 672 3285 in
696 3237 844 3302 aliqua
868 3239 1245 3299 abundantias&
1272 3242 1381 3291 inde
1395 3242 1575 3307 aliquid
1598 3242 1793 3306 gloriae,
1813 3242 1861 3290 in
1885 3240 2053 3306 quibus
2076 3252 2226 3352 taggen
2250 3237 2315 3285 est

364 3329 371 3334 ·
1827 3334 1830 3338 ⁴
2170 3320 2307 3352 nevo-
