2722 3684
603 190 910 285 CAPUT
953 188 1449 254 VIGEerUM
1495 188 2002 276 SECUNDUM(
2179 164 2311 280 319

312 330 505 388 peccata
547 335 635 385 pro
672 317 800 367 malis
839 332 898 365 ex
934 331 1075 380 prava
1115 312 1366 374 voluntate,
1423 316 1475 364 &
1511 317 1901 381 praevaricationes
1950 332 2035 380 pro
2078 319 2207 367 malis
2246 335 2306 370 ex

309 387 529 453 ,perverso
568 383 826 444 intelleetu.
922 383 1069 445 Apud
1116 381 1298 430 Esaiam
1357 388 1391 412 ‘⁴
1415 381 1533 429 Ecce
1576 382 1628 428 ob
1670 383 1910 446 iniquitates
1953 383 2130 431 venditi
2178 385 2297 442 estis,

321 456 372 502 δε
413 452 463 500 ob
493 451 875 513 praevaricationes
912 447 1092 494 dimiffa
1133 447 1199 502 est
1237 459 1380 495 mater
1419 447 1564 495 vestra
1598 446 1632 466 '³
1652 484 1655 485 γ
1690 463 1717 493 1.
1742 465 1753 494 :
1801 467 1819 497 1
1843 469 1859 503 ς
1912 448 2169 513 iniquitates
2214 465 2298 513 pro

315 519 453 566 malis
491 527 648 564 contra
680 515 817 570 bona,
869 515 920 561 ὅτ
959 514 1348 576 praevaricationes
1384 527 1468 576 pro
1503 512 1634 561 malis
1670 525 1823 561 contra
1857 529 1962 561 vera
1996 514 2102 561 fidei
2138 515 2297 562 Eccle-

318 585 429 636 siae3
472 595 615 630 mater
639 579 703 628 est
735 579 947 634 Ecclesia,
984 595 1093 642 quae
1128 579 1306 626 dimissa
1341 578 1507 626 dicitur
1538 593 1644 626 cum
1683 579 1874 626 discedit
1911 595 1935 627 a
1969 580 2076 629 fide.
2146 581 2296 644 Apud

318 649 529 696 Micham
583 646 830 708 “Propter
851 646 1249 705 praevaricationem
1282 644 1442 704 Jacobi
1466 659 1605 691 omne
1628 645 1733 701 hoe,
1780 645 1832 692 ὅτ.
1868 654 2042 706 propter
2074 655 2298 708 peccatum

318 715 463 762 domus
479 714 647 774 Ifieaelis
667 731 684 766 ς
720 711 834 774 quid
852 711 1165 771 praevaricatio
1183 710 1356 770 Jacobi,
1394 724 1544 756 nonne
1568 710 1764 756 Samaria
1788 731 1802 765 ς
1844 713 2103 772 principium
2127 709 2296 772 peccati

322 780 420 826 haec
445 779 553 827 filiae
579 777 755 833 Zionis,
788 778 897 841 quia
922 777 966 822 in
992 787 1036 822 te
1061 777 1263 822 inventae
1287 775 1387 822 sunt
1405 776 1782 836 prevaricationes
1804 776 1972 832 Israelis
1989 775 2020 794 ’'
2065 792 2114 823 1:
2140 793 2185 838 5.
2217 792 2294 833 12,

320 845 395 891 hic
419 845 621 893 similiter
645 851 881 906 peccatum
905 841 1032 906 quod
1070 853 1226 888 contra
1250 842 1422 887 bonum
1457 840 1682 888 charitatis
1704 842 1754 888 &
1788 842 1970 897 amoriS,
2006 843 2055 889 ὅτ.
2081 843 2298 904 praevari-

309 912 441 958 catio
464 911 585 974 quod
610 921 764 956 contra
791 922 949 954 verum
969 905 1078 955 fidei
1102 926 1117 960 ς
1159 906 1354 953 Samaria
1378 907 1501 953 enim
1525 905 1589 953 est
1606 906 1824 970 perversae
1842 907 1948 953 fidei
1969 907 2182 964 Ecclesia,
2218 903 2300 971 pa-

321 976 430 1024 riter
457 977 525 1023 his
554 973 696 1022 Israel.-
767 972 891 1036 Qia
917 971 1304 1034 praevaricationes
1327 972 1427 1018 sunt
1449 987 1558 1035 quae
1576 984 1732 1019 contra
1756 988 1862 1019 vera
1887 973 2012 1028 fidei,
2034 973 2171 1020 etiarn
2188 973 2299 1023 sunt

323 1040 683 1105 transgreffiones
718 1039 768 1086 δε
804 1035 1096 1094 όεῖεᾶίοηεε,
1131 1053 1241 1101 quae
1270 1053 1458 1100 quoque
1493 1037 1538 1083 in
1567 1037 1749 1100 Lingua
1771 1038 1979 1099 originali
2004 1053 2083 1100 per
2105 1039 2299 1088 eandem

320 1123 484 1155 vocem
508 1104 814 1166 significantur
834 1124 848 1157 ;
883 1115 934 1150 ut
958 1114 1087 1166 patet
1107 1103 1230 1167 apud
1260 1102 1500 1154 Davidem
1536 1110 1569 1132 “
1590 1104 1771 1165 Propter
1795 1102 2102 1151 multitudinem
2118 1118 2298 1166 praeva-

314 1175 570 1222 ricationum
588 1185 729 1218 eorum
753 1168 935 1231 impelle
955 1183 1048 1225 eos,
1073 1170 1154 1232 qui
1173 1167 1387 1215 rebellant
1406 1165 1563 1215 contra'
1586 1169 1660 1215 Te
1678 1168 1708 1190 '⁹
1747 1169 1896 1216 Psalm
1916 1185 1927 1214 ε
1953 1185 1984 1214 v
2004 1185 2023 1215 :.
2048 1185 2064 1215 1
2084 1185 2122 1225 ι,
2158 1171 2300 1218 rebel-

318 1239 407 1285 lare
426 1238 591 1284 dicitur
614 1251 720 1282 cum
745 1234 945 1281 defefflo
982 1235 1033 1281 δε
1058 1233 1368 1296 transgrefli03
1403 1235 1454 1281 &
1487 1234 1609 1296 apud
1636 1233 1818 1281 Esaiam
1854 1242 1886 1264 “
1911 1235 2085 1282 Nonne
2109 1251 2189 1293 vos
2205 1237 2300 1284 nati

300 1303 704 1366 --praevaricationia
742 1299 893 1348 semen
920 1299 1176 1353 mendacii3
1211 1301 1292 1362 qui
1319 1299 1558 1347 incaluistis
1582 1299 1628 1346 in
1651 1299 1748 1347 dies
1773 1299 1855 1347 sub
1886 1300 2016 1348 omni
2038 1301 2196 1349 arbore
2230 1302 2302 1350 vi·

322 1371 426 1425 ridi,
462 1369 542 1431 qui
564 1366 769 1414 rumitatis
792 1378 916 1413 natos
941 1367 986 1412 in
1013 1365 1160 1412 fluviis
1178 1363 1211 1383 '’
1249 1380 1353 1412 ινιι
1374 1382 1385 1412 :
1420 1380 1482 1425 4„
1496 1381 1543 1425 5,
1567 1364 1696 1427 quod
1722 1366 2030 1428 praevaricatio
2053 1366 2106 1414 fit
2123 1367 2300 1416 malum

319 1448 476 1482 contra
501 1449 604 1480 vera
628 1431 755 1488 fidei,
793 1430 1025 1480 manifeste
1049 1446 1105 1477 ex
1129 1431 1195 1478 his
1219 1442 1342 1494 patet
1362 1451 1377 1485 3
1418 1432 1512 1479 nati
1534 1431 1916 1493 praevaricationis
1939 1431 2039 1480 sunt
2059 1431 2171 1492 falsa,
2193 1449 2303 1498 quae

322 1500 558 1547 destruunt
577 1513 679 1544 vera
696 1496 824 1554 fidei,
850 1496 953 1544 ideo
975 1510 1156 1560 quoque
1179 1508 1400 1543 vocantur
1423 1497 1574 1544 semen
1599 1497 1843 1553 mendacii,
1868 1498 2156 1552 mendacium
2173 1500 2302 1550 enim

310 1566 387 1613 2e‘st
410 1565 586 1620 falsum,
621 1579 683 1610 n:
712 1564 837 1628 8908
862 1583 876 1616 ;
927 1562 977 1609 δε
1002 1561 1106 1608 ideo
1128 1561 1293 1608 dicitur
1314 1561 1372 1608 de
1413 1561 1518 1618 illis,
1554 1562 1679 1627 quod
1721 1562 1991 1611 incalescunt
2026 1563 2071 1610 in
2108 1564 2196 1614 diis
2218 1564 2302 1613 sub

308 1631 452 1680 *omni
470 1632 627 1677 arbore
651 1628 802 1684 viridi,
838 1642 918 1690 per
942 1643 1048 1692 quae
1072 1627 1117 1674 in
1144 1626 1270 1674 sensu
1305 1626 1486 1676 interno
1503 1627 1775 1690 intelligitur
1807 1627 1953 1675 cultus
1975 1644 2030 1675 ex
2062 1629 2196 1687 falfis,
2232 1630 2299 1677 dii

305 1697 443 1744 «enim
469 1695 568 1742 sunt
592 1693 710 1750 falsa,
747 1710 804 1740 n:
829 1708 958 1753 4402
986 1694 1078 1741 fin:
1105 1709 1250 1755 4544.
1287 1696 1380 1756 787
1388 1710 1433 1756 3.
1455 1694 1607 1757 8867,
1641 1694 1772 1741 arbor
1795 1693 1952 1741 viridis
1983 1693 2048 1741 est
2077 1695 2306 1760 percepti-

323 1779 437 1810 vum
475 1761 568 1808 falfi
613 1775 669 1808 ex
693 1759 899 1822 perverso
925 1758 1167 1814 intellestu,
1206 1774 1263 1804 n:
1292 1771 1436 1820 2722.
1462 1773 1628 1820 45523
1664 1760 1715 1807 &
1755 1759 1858 1808 ideo
1892 1774 2079 1824 quoque
2119 1761 2302 1818 dicitur,

323 1827 527 1875 maCtatis
548 1839 675 1873 natos
698 1825 744 1871 in
771 1823 937 1880 fluviis,
975 1839 1053 1886 per
1077 1839 1184 1888 quae
1206 1823 1478 1885 intelligitur
1511 1823 1750 1872 exstinstio
1769 1841 1982 1873 verorum
2010 1826 2117 1874 fidei
2140 1841 2198 1874 ex
2221 1826 2305 1874 fal-

310 1892 375 1941 'fis
395 1900 418 1949 ·,‘
446 1892 643 1941 mastare
666 1893 788 1939 enim
817 1889 880 1937 est
902 1889 1199 1952 exstinguere,
1235 1890 1329 1936 nati
1349 1890 1422 1937 seu
1447 1889 1530 1937 filii
1553 1889 1653 1937 sunt
1676 1906 1781 1939 vera
1805 1891 1932 1948 fidei,
1970 1907 1999 1938 n
2020 1908 2033 1939 ε
2055 1895 2300 1958 489.491„

313 1976 435 2022 533.
465 1969 604 2021 114‘7·
630 1957 774 2019 2623.
802 1959 946 2018 2813.
974 1970 1100 2019 3373
1124 1975 1139 2009 3
1177 1955 1224 2002 &
1244 1955 1373 2002 fluvii
1400 1955 1499 2003 sunt
1521 1954 1640 2013 falsa,
1677 1973 1737 2003 n:
1765 1957 1911 2020 6693.

389 2038 538 2088 9157.
585 2023 730 2086 Super
764 2023 900 2076 bove,
937 2020 1070 2085 super
1100 2020 1245 2077 asino,
1287 2022 1416 2085 super
1450 2021 1642 2084 pecude,
1678 2022 1807 2085 quod
1835 2023 2070 2086 ⁴significet
2106 2023 2216 2073 boni
2248 2025 2302 2074 &

326 2091 422 2137 veri
447 2088 679 2136 exterioris
700 2088 751 2136 &
777 2086 1018 2142 interioris,
1052 2102 1220 2150 nempe
1243 2085 1468 2135 damnum
1503 2099 1580 2136 aut
1596 2085 1852 2150 ‚jaekuratm
1886 2088 2060 2137 constat
2082 2104 2138 2137 ex
2160 2089 2303 2152 ligni.

325 2155 533 2203 ficatione
556 2154 687 2202 bovis
711 2154 760 2200 δε
784 2152 911 2209 afini,
964 2152 1093 2216 quod
1118 2153 1172 2201 fit
1191 2152 1365 2201 bonurn
1389 2153 1439 2201 δε
1462 2168 1621 2202 verum
1647 2154 1862 2210 exterius,
1909 2155 1960 2202 δε
1991 2166 2049 2202 ex
2078 2154 2307 2216 'fignifica-

317 2221 441 2269 tione
466 2218 669 2283 pecudiS,
692 2218 816 2283 quod
843 2217 895 2264 sit
919 2233 1079 2266 verum
1098 2220 1149 2267 δε
1167 2218 1338 2266 bonum
1356 2219 1568 2276 interius,
1591 2218 1647 2268 de
1670 2219 1837 2283 quibus
1859 2219 1988 2284 supra
2011 2236 2071 2268 n:
2096 2236 2247 2284 9135.

390 2289 540 2351 9158.
574 2284 717 2350 Super
738 2283 874 2339 veste,
909 2283 1034 2348 quod
1057 2283 1282 2347 significet
1305 2285 1397 2332 veri
1434 2284 1656 2341 sensualis,
1691 2285 1862 2334 constat
1894 2301 1953 2334 ex
1975 2285 2306 2349 fignifimtione

324 2353 477 2418 vestis,
508 2349 631 2416 quod
667 2351 720 2398 fit
754 2363 930 2406 verum,
964 2349 1022 2397 de
1051 2366 1142 2414 qua
1165 2366 1224 2396 n:
1258 2366 1404 2418 4545.
1441 2351 1589 2416 4763.
1618 2367 1766 2414 53¹9·
1791 2366 1937 2416 5954.
1962 2351 2303 2418 5914s⁶917³

322 2420 371 2466 in
388 2431 554 2480 genere
574 2415 643 2469 est,
660 2414 794 2472 ‚vestis
825 2430 984 2478 verum
999 2415 1207 2481 exterius
1230 2415 1307 2466 seu
1331 2414 1533 2474 inferius,
1553 2417 1681 2480 quod
1704 2416 1821 2478 tegit
1845 2417 2055 2465 interiora
2078 2419 2153 2465 seu
2176 2418 2308 2483 supe-

321 2486 457 2538 riora,
495 2497 545 2543 n:
574 2497 687 2546 297.
715 2481 864 2544 2526,
883 2480 1029 2541 5248.
1049 2478 1182 2544 x691²8
1207 2501 1222 2535 ·,
1258 2479 1332 2529 hic
1348 2483 1510 2545 'itaque
1532 2497 1696 2530 verum
1732 2481 1943 2540 sensuale,
1978 2498 2085 2531 nam
2121 2483 2208 2531 hoc
2239 2484 2304 2533 est

325 2562 583 2595 extremum
610 2546 684 2594 seu
703 2541 1037 2602 'infimum,'n‘:
1082 2549 1227 2607 5081.
1252 2562 1397 2607 5¹25·
1433 2548 1580 2609 5767.
1607 2547 1752 2608 6564.
1775 2548 1920 2605 6614.
1991 2547 2136 2607 Quod
2159 2549 2307 2599 vestes

323 2616 409 2677 fint
433 2628 553 2668 vera,
587 2610 964 2689 ducit-originem
981 2627 1038 2658 ex
1063 2611 1433 2674 repraesentativis
1454 2612 1500 2659 in
1524 2611 1655 2660 altera
1665 2613 1793 2669 vita,
1820 2612 2146 2676 spiritus'enim
2162 2614 2308 2668 &an-

323 2679 412 2741 geli
433 2688 652 2743 apparent
667 2676 1050 2731 omnesvvestibus
1086 2676 1231 2726 induti
1256 2676 1500 2726 secundum
1532 2692 1635 2725 vera
1666 2677 1770 2725 fidei
1806 2678 1928 2743 apud
1951 2679 2069 2739 illos,
2103 2695 2166 2727 n:
2197 2682 2303 2746 165.

367 2746 472 2804 248·
563 2757 642 2803 54·
923 2794 926 2797 .

326 2762 355 2807 5
393 2760 556 2874 9153.9
577 2808 724 2870 Super
746 2805 878 2855 omni
913 2807 1109 2870 perdito,
1143 2806 1272 2872 quod
1294 2806 1461 2858 dixerit
1481 2809 1608 2874 quod
1628 2809 1720 2858 -hoc
1755 2809 1888 2869 illud,
1923 2812 2052 2876 quod
2078 2812 2309 2877 ‘significet

311 2875 462 2922 ao‘mne
481 2873 775 2934 ambiguum,
810 2872 978 2934 constat
999 2888 1056 2934 ex
1073 2873 1412 2933 ⁸significatione
1439 2875 1624 2938 perditi,
1659 2875 1786 2938 quod
1814 2876 1865 2924 sit
1898 2892 2038 2925 omne
2062 2882 2136 2927 cui
2173 2880 2305 2925 dam·

324 2956 439 2989 num
463 2952 541 2988 aut
556 2938 725 3003 jaetura
751 2957 767 2991 ;
803 2938 853 2985 &
889 2934 1297 3002 exfig‘nifidatione
1316 2941 1447 3001 quod
1482 2939 1650 3001 dixerit
1672 2940 1797 3004 quod
1823 2945 1911 2990 hoc
1935 2942 2071 3001 illud,
2106 2944 2230 3007 quod
2253 2944 2312 2991 fit

323 3005 615 3069 ambiguum,
653 3019 760 3052 nam
777 3003 1098 3066 quoddici'tur
1118 3003 1205 3052 hoc
1222 3002 1354 3061 illud,
1391 3004 1455 3051 est
1479 3020 1594 3052 num
1618 3005 1670 3056 fit
1690 3007 1750 3055 ita
1774 3007 1848 3056 vel
1874 3009 1967 3057 non
1994 3010 2074 3069 ita,
2109 3013 2158 3059 &
2180 3008 2312 3072 quod

319 3071 432 3120 ideo
457 3071 539 3119 sub
562 3067 925 3134 disquisitionem
945 3069 996 3119 &
1011 3067 1386 3185 dijudicatiosnelrn
1410 3071 1557 3120 venit.

349 3142 357 3145 “
1328 3170 1334 3174 -
2164 3139 2314 3205 9160:
