2722 3684
653 186 951 253 CAPUT
997 186 1489 273 VIGESIMUM
1535 185 2035 248 SECUNDUM.
2232 208 2364 270 347

379 314 527 361 domo
545 326 602 358 ne
618 307 877 357 descendite
897 304 954 352 ad
974 304 1226 352 tollendum
1250 317 1318 359 ea,
1344 303 1394 350 &
1417 302 1682 366 quicunque
1701 301 1745 348 in
1764 316 1874 363 agro
1891 303 2103 358 similiter,
2139 317 2191 349 ne
2206 306 2363 352 rever‘

379 385 506 426 tatur
526 379 570 424 in
593 391 682 440 quae
703 373 794 435 pist
815 372 950 429 illum,
1003 379 1247 418 mementote
1280 372 1422 416 uxoris
1458 370 1588 416 Lothi
1606 367 1638 385 ’'
1674 382 1833 429 xv11bt
1862 384 1939 430 3¹·
1966 383 2046 430 32,
2081 367 2274 430 quodid
2301 356 2356 418 fit

384 443 582 508 spectare
618 439 719 505 post
754 438 795 485 se
831 437 903 484 seu
940 448 1072 492 retro,
1107 435 1311 482 videatur
1333 431 1391 481 n':
1420 436 1562 498 3652.
1588 438 1716 496 5895
1740 434 1835 480 fin:
1862 436 2005 496 5897.
2032 434 2178 495 7857.
2207 448 2351 497 7923·

385 515 528 570 8505.
556 505 697 567 8506.
727 507 869 565 8510.
898 501 1061 562 8516,
1095 501 1223 565 quod
1260 499 1316 547 sal
1353 500 1573 562 significet
1609 498 1880 546 desiderium
1905 498 2012 554 veri,
2047 498 2110 544 est
2145 501 2255 560 quia
2293 497 2352 547 sal

298 616 310 625 .
382 574 577 624 fertilem
603 570 750 617 reddit
773 577 955 621 terram,
990 567 1039 614 &
1065 566 1268 628 sapidum
1291 564 1399 612 facit
1419 565 1590 620 cibum,
1626 565 1676 612 δε
1699 564 1802 627 quia
1825 563 1904 611 soli
1929 564 2117 626 igneum
2143 564 2192 610 &
2218 565 2351 613 simul

382 637 722 700 conjunctivum
749 631 876 688 inest,
914 631 1026 678 ficut
1061 631 1172 678 inest
1206 647 1317 678 vero
1348 631 1504 678 ardens
1536 630 1807 677 desiderium
1832 629 2106 685 ad‘bonum‚
2144 629 2188 676 δε
2216 630 2350 687 simul

381 702 759 768 corijunffivum:
807 697 944 745 statua
983 696 1079 744 salis
1117 696 1181 743 est
1216 695 1462 756 disjunctio
1483 712 1509 743 a
1532 711 1659 750 vero,
1694 710 1800 742 narn
1827 695 1884 742 sal
1909 696 1953 741 in
1977 694 2192 757 opposito
2223 695 2349 743 sensu

385 768 605 832 fignificat
622 763 971 813 destruffionetn
989 764 1039 810 ὅτ.
1057 762 1352 809 vastationem
1375 762 1486 817 veri,
1512 773 1564 808 ut
1579 760 1700 824 apud
1720 761 2002 824 Zephaniam
2021 760 2149 824 Cap:
2184 776 2232 806 1⁴1
2260 778 2270 806 ε
2298 778 2347 823 9.

386 835 519 899 apud
550 830 841 880 Ezechielem
882 829 1006 892 Cap:
1030 843 1122 874 xcv
1135 835 1216 875 11:
1249 840 1321 877 ιι.
1377 827 1498 890 apud
1523 825 1774 888 Jeremiam
1809 827 1933 890 Cap:
1961 841 2083 874 xvu
2107 842 2117 872 ε
2145 826 2191 873 6.
2226 827 2351 888 apud

387 897 617 949 Dav'idem
645 895 822 944 Psalm:
846 909 962 942 cv11
985 910 999 941 τ
1027 909 1103 956 33.
1132 909 1209 956 34.
1278 893 1328 939 In
1355 893 1593 940 Deuteron
1615 905 1638 937 :¹
1662 891 1791 955 Cap:
1811 907 1974 938 xxix:
2003 906 2080 938 22.
2133 890 2180 937 in
2203 892 2351 939 Libro

388 962 754 1030 JudicumCap:
781 973 870 1022 ⁴tx:
897 974 996 1020 453
1032 960 1080 1005 &
1109 958 1153 1004 in
1181 958 1326 1004 Libro
1354 975 1369 1004 1
1389 974 1407 1004 1
1438 957 1622 1018 Regum
1647 957 1775 1019 Cap:
1805 972 1856 1005 11
1881 974 1892 1003 ε
1924 975 1979 1020 19
2006 958 2061 1003 ad
2088 972 2167 1004 22.
2223 958 2349 1005 Haec

386 1032 519 1079 allata
551 1028 666 1082 sunt,
701 1038 754 1072 ut
791 1024 949 1071 sciatur
983 1023 1094 1086 quid
1137 1023 1406 1084 intelligitur
1443 1038 1522 1086 per
1554 1022 1836 1070 desiderium*
1863 1023 2046 1069 Veri&
2070 1022 2263 1079 bonum,
2299 1025 2352 1071 δι’

387 1113 468 1161 per
489 1091 765 1142 desiderium
790 1089 899 1137 boni
922 1089 979 1136 ad
1003 1104 1181 1146 verum,
1220 1103 1325 1152 quae
1365 1103 1444 1151 per
1480 1086 1736 1150 orphanum
1767 1090 1817 1136 &
1840 1103 1922 1151 per
1954 1087 2143 1135 viduam
2181 1088 2351 1149 fignifi-

387 1174 560 1210 cantur.

268 1242 319 1299 ,y
445 1211 598 1292 ss208.
635 1221 777 1270 Vers:
803 1233 881 1277 24.
909 1214 985 1281 25.
1014 1220 1090 1267 26.
1147 1220 1197 1266 Si
1217 1227 1438 1283 argentum
1462 1227 1605 1266 mutuo
1626 1217 1784 1267 dederis
1802 1219 1954 1282 populo
1977 1235 2077 1276 meo,
2113 1234 2232 1281 egeno
2255 1234 2349 1267 cum

388 1305 450 1351 te,
484 1307 564 1339 non
588 1290 669 1336 eris
691 1286 852 1349 cificut
863 1285 1121 1348 faenerator,
1155 1300 1235 1331 non
1252 1287 1412 1346 ponetis
1431 1290 1560 1347 super
1583 1285 1700 1332 illum
1724 1288 1909 1347 usuram.
1979 1287 2024 1332 Si
2046 1284 2350 1348 oppignerando

390 1355 730 1423 oppigneraveris
746 1353 896 1413 vollem
909 1353 1015 1411 socii
1035 1352 1116 1406 tui,
1152 1350 1275 1414 usque
1294 1349 1354 1396 ad
1372 1352 1536 1397 intrare
1548 1351 1649 1412 solis
1670 1352 1853 1410 restitues
1870 1353 1985 1399 illam
2008 1354 2060 1398 ei.
2132 1350 2251 1413 Qia
2271 1351 2349 1399 illa
2397 1353 2401 1356 ⁴

397 1430 679 1486 tegumentum
717 1419 801 1482 ejus
839 1413 976 1478 solum
1015 1414 1122 1462 illud
1156 1415 1279 1473 vestis
1316 1416 1402 1477 ojus
1439 1418 1524 1463 cuti
1561 1416 1664 1478 ojus,
1716 1419 1759 1462 in
1792 1432 1872 1480 qua
1911 1416 2094 1464 dormiat
2114 1438 2128 1470 3
2173 1409 2226 1463 ξεῖ
2249 1418 2350 1472 erit,

386 1487 549 1554 quando
594 1486 802 1533 clamavit
839 1481 900 1528 ad
937 1482 1037 1536 Me,
1084 1479 1138 1529 ΕΒ
1178 1480 1365 1535 audiam,
1413 1483 1512 1545 quia
1558 1483 1782 1542 misericors
1821 1483 1928 1544 Ego.
2019 1483 2065 1529 Si
2104 1494 2343 1543 argentum

394 1568 559 1604 mutuo
580 1549 758 1596 dederis
779 1546 955 1612 populo
979 1560 1085 1593 meo
1105 1561 1255 1609 egeno
1277 1561 1383 1593 cum
1409 1560 1472 1603 te,
1509 1547 1728 1607 fignificat
1753 1547 2092 1594 instruffionem
2111 1563 2250 1594 eorun
2267 1547 2350 1611 qui
2377 1539 2383 1542 ⁴

390 1623 438 1668 in
463 1617 716 1682 ignorantia
740 1613 905 1659 veri&
924 1610 1121 1675 usquein
1139 1611 1358 1658 desiderio
1377 1611 1575 1659 discendi
1597 1629 1608 1658 :
1633 1629 1724 1659 non
1747 1613 1833 1660 eris
1857 1613 1961 1660 sicut
1985 1612 2238 1669 faeneretor,
2263 1614 2352 1674 fig-

390 1686 544 1734 nificat
573 1685 700 1747 quod
730 1695 798 1746 ex*
820 1677 1031 1725 charitate
1055 1676 1100 1724 id
1126 1677 1234 1725 fiet:
1288 1693 1378 1724 non
1417 1679 1596 1740 ponetis
1629 1676 1759 1741 super
1784 1679 1864 1724 illo
1887 1679 2084 1734 usuram,
2125 1679 2349 1740 fignificat

387 1750 512 1818 quod
538 1764 630 1795 non
655 1757 840 1810 propter
857 1743 1036 1790 lucrum
1057 1741 1192 1789 inde:
1231 1742 1263 1790 fi
1287 1741 1636 1805 oppignerando
1659 1744 2025 1807 oppigneraveris
2049 1744 2217 1790 vestem
2242 1741 2350 1791 socii

310 1846 314 1849 -
391 1819 476 1873 tui,
513 1813 731 1876 significat
750 1811 779 1858 fi
803 1822 960 1856 verum
979 1808 1272 1855 scientificum
1292 1825 1373 1871 per
1395 1807 1585 1856 fallacias
1607 1824 1663 1855 ex
1685 1809 1955 1856 sensualibus
1972 1809 2242 1873 disparetur:
2278 1808 2349 1856 us·

389 1897 482 1946 que
504 1881 559 1927 ad
586 1880 743 1925 intrare
763 1874 870 1922 solis
887 1873 1082 1922 restitues
1101 1874 1162 1930 ei,
1199 1874 1420 1934 fignificat
1437 1874 1561 1938 quod
1587 1874 1909 1923 restituendum
1934 1888 2037 1921 ante
2060 1875 2221 1922 statum
2246 1891 2348 1922 um-

389 1950 486 1999 brae
507 1960 564 1992 ex
591 1941 798 2004 iucundis
831 1954 1042 1988 amorum
1077 1951 1396 1995 externorum:
1431 1940 1538 2004 quia
1568 1941 1637 1988 illa
1669 1945 2038 2002 integumentum
2061 1939 2154 1996 eius
2178 1940 2349 1998 solum,

389 2013 609 2075 significat
631 2009 736 2074 quia
761 2005 968 2054 sensualia
989 2005 1275 2052 interioribus
1299 2005 1509 2053 substrata
1532 2008 1664 2053 sunt:
1712 2006 1823 2053 illud
1849 2005 1980 2052 vestis
2005 2006 2099 2069 ejus
2117 2007 2211 2053 cuti
2235 2005 2348 2069 ejus,

349 2132 352 2135 ,
394 2077 616 2141 significat
638 2073 761 2138 quod
783 2071 920 2118 etiam
938 2070 1156 2118 exteriora
1174 2070 1438 2119 investiant:
1464 2072 1520 2125 ¹in
1540 2086 1630 2132 qua
1651 2071 1865 2127 dormiat,
1902 2071 2122 2134 fignificat
2145 2074 2353 2136 quietem

393 2144 522 2207 super
546 2142 630 2188 illis
649 2157 659 2186 :
694 2137 879 2202 quando
895 2135 1153 2184 clamaverit
1169 2135 1223 2183 ad
1244 2152 1335 2193 me,
1365 2136 1584 2199 significat
1603 2136 1976 2201 supplicationem
1993 2136 2048 2183 ad
2068 2137 2352 2185 Dominum:-

391 2211 442 2257 &
464 2207 665 2262 audiam,
701 2203 920 2268 fignificat
941 2217 1112 2264 opem:
1148 2203 1255 2266 quia
1279 2202 1524 2250 misericors
1550 2201 1674 2266 Ego,
1711 2203 1944 2265 significat,
1994 2202 2121 2266 quod
2155 2219 2214 2254 ex
2244 2203 2358 2266 Ipso

391 2274 530 2322 omne
552 2273 653 2335 opis
676 2286 732 2317 ex
755 2267 1073 2316 misericordia.
2221 2320 2225 2322 ,

458 2353 604 2402 9209.
640 2336 689 2386 Si
711 2345 949 2398 argentum
976 2344 1136 2379 mutuo
1168 2332 1343 2381 dederis
1368 2333 1542 2397 populo
1566 2348 1713 2396 egeno
1735 2349 1841 2380 cum
1877 2346 1937 2389 te,
1973 2333 2097 2396 quod
2130 2333 2356 2396 significet:

394 2403 733 2454 instruffionem
765 2401 951 2446 illorum
985 2399 1064 2462 qui
1102 2398 1150 2445 in
1186 2398 1441 2459 ignorantia
1472 2399 1566 2447 veri
1590 2401 1638 2446 δε
1663 2398 1802 2462 usque
1826 2398 1870 2445 in
1894 2399 2110 2446 desiderio
2132 2398 2356 2456 discendi,

392 2468 565 2518 constat
596 2483 654 2514 ex
685 2463 1013 2531 significatione
1051 2468 1242 2531 argenti,
1294 2465 1419 2528 quod
1446 2466 1498 2512 fit
1520 2480 1696 2519 verum,
1748 2464 1804 2509 de
1821 2480 1911 2525 qua
1931 2480 1987 2510 n:
2036 2479 2176 2525 155¹·
2203 2467 2349 2523 2048.

401 2549 545 2598 2954.
568 2531 710 2594 5656.
731 2532 876 2579 6112.
895 2530 1042 2592 69¹4·
1067 2530 1196 2593 ⁶9¹7
1239 2546 1383 2593 7999.
1413 2534 1536 2594 8932
1563 2551 1579 2584 ·,
1615 2545 1670 2576 ex
1694 2529 2206 2590 significatione'mutuo
2227 2529 2357 2586 dare,

398 2597 522 2665 quod
548 2597 603 2644 iit
623 2596 953 2644 communicare
971 2595 1087 2641 bona
1104 2595 1209 2641 coeli
1234 2610 1290 2642 ex
1312 2595 1552 2643 affeetione
1574 2596 1812 2649 charitatis,
1850 2595 1907 2640 de
1923 2610 2014 2658 qua
2033 2610 2060 2640 n
2079 2611 2090 2639 :
2115 2611 2142 2658 9
2156 2609 2263 2659 174,
2287 2596 2357 2642 ita.

400 2664 643 2714 instruere;
677 2676 735 2708 ex
758 2659 1083 2723 significatione
1108 2661 1284 2724 populi,
1323 2661 1450 2722 quod
1476 2661 1559 2707 lint
1581 2662 1660 2724 qui
1684 2664 1728 2707 in
1753 2660 1886 2715 veriS,
1931 2661 2005 2706 hic
2026 2661 2072 2706 in
2097 2657 2356 2722 ignorantia

403 2730 516 2785 veri,
552 2728 660 2792 quia
683 2723 849 2772 dicitur
874 2723 1073 2786 populus
1097 2740 1267 2788 egenus
1288 2726 1464 2789 ,quod
1491 2727 1688 2789 populus
1711 2725 1918 2772 dicantur
1939 2725 2017 2787 qui
2045 2726 2249 2781 inseris,
2284 2727 2359 2772 vi-

406 2797 564 2844 deatur
588 2808 644 2838 n:
676 2803 822 2853 1259:
849 2791 984 2838 1260.
1013 2793 1158 2851 2928.
1184 2805 1329 2853 3295.
1357 2796 1501 2853 3581.
1530 2803 1687 2853 7207;
1723 2791 1772 2837 δε
1791 2807 1847 2837 ex
1865 2791 2188 2852 significatione
2205 2794 2356 2852 egeni,

342 2915 353 2919 ,
402 2861 527 2925 quod
560 2859 643 2906 sint
666 2857 746 2919 qui
771 2857 815 2901 in
841 2855 1092 2916 ignorantia
1124 2857 1237 2912 veri,
1273 2857 1323 2903 δε
1345 2857 1486 2920 usque
1509 2858 1554 2903 in
1580 2855 1800 2902 desiderio
1836 2855 2051 2911 discendi,
2076 2857 2133 2904 -hi
2156 2857 2276 2903 enim
2311 2859 2365 2904 in

403 2926 598 2989 egestate
622 2918 835 2985 spirituali
870 2919 989 2975 sunt,
1025 2919 1105 2982 qui
1130 2920 1390 2969 instruendi.
1462 2922 1515 2970 In
1540 2922 1696 2968 Verbo
1731 2920 1987 2983 frequenter
2014 2922 2194 2976 dicitur,
2231 2923 2363 2984 quod

405 2988 778 3045 benefaciendum
803 2985 1071 3047 pauperibus
1095 2985 1145 3031 ὅτ
1167 2988 1318 3046 egenis
1339 3009 1353 3041 3
1403 2987 1480 3047 qui
1506 2987 1550 3032 in
1576 2987 1693 3032 veris
1714 2987 1904 3033 externis
1926 2987 2042 3044 sunt,
2083 2989 2132 3035 &
2155 2988 2366 3035 nondum

409 3056 573 3105 initiati
591 3054 710 3100 veris
735 3050 933 3105 internis»,
967 3049 1150 3096 credunt
1172 3052 1299 3114 quod
1325 3051 1698 3098 benefaciendum
1722 3050 2056 3117 quibuscunque
2080 3052 2158 3116 qui
2183 3052 2373 3116 alicujus

411 3119 762 3193 opisindigent,
800 3115 1029 3180 imprimis
1051 3116 1289 3182 mendicis,
1325 3117 1402 3180 qui
1423 3117 1464 3165 se
1481 3132 1574 3182 prae
1595 3117 1691 3165 aliis
1714 3133 1930 3183 pauperes
1950 3131 2111 3167 vocant
2131 3139 2145 3173 3
2179 3118 2257 3179 qui
2284 3120 2378 3172 hoe

616 3219 621 3223 -
2199 3184 2379 3236 iaciunt:
