2722 3684
623 185 1014 259 οΑΡυ
1081 180 2506 278 T.V1GEs-1MUM.1891

432 313 568 366 tatis:
603 313 734 377 quod
771 310 911 359 hodie
942 311 990 357 in
1028 308 1179 371 regnis
1215 307 1298 356 ubi
1337 307 1537 356 Ecclesia
1565 324 1593 356 a
1627 307 1918 371 perplurimis
1940 309 2161 358 adulteria
2186 327 2270 376 pro
2294 311 2442 360 nihilo

430 388 717 446 reputentur,
748 377 814 425 est
835 376 950 442 quia
974 374 1178 424 Ecclefia
1200 375 1267 422 est
1287 376 1334 422 in
1352 375 1447 424 fine
1471 374 1568 432 suo,
1604 375 1656 423 ὅτ
1693 374 1751 422 fic
1786 391 1879 423 non
1905 377 2104 439 amplius
2127 378 2280 443 aliqua
2304 379 2436 436 fides,

430 450 541 514 quia
564 463 656 494 non
678 445 871 492 charitas
897 466 912 500 ;
946 460 1091 493 unum
1115 442 1240 491 enim
1263 442 1589 507 correspondet
1610 442 1759 499 alteri,
1795 443 1876 491 ubi
1900 445 2023 491 nulla
2047 445 2161 493 fides
2185 446 2248 492 est
2273 445 2455 502 falsum'

431 517 539 563 loeo
562 514 655 562 veri
674 513 727 561 ὅτ.
748 511 922 560 malum
949 511 1051 558 loco
1076 511 1206 567 boni,
1242 509 1417 557 &inde
1437 509 1558 566 fluit,
1593 510 1724 574 quod
1747 511 1969 558 adulteria
1993 527 2085 558 non
2113 511 2258 573 magis
2278 525 2330 560 ut
2351 514 2434 560 cri·

429 582 556 632 mina
574 593 843 644 reputentur
864 600 879 633 ς
916 594 1023 625 narn
1043 576 1192 625 clauso
1215 577 1341 625 coelo
1363 577 1486 638 apud
1509 577 1750 632 hominem
1782 579 1888 626 talia
1911 579 1971 625 ab
1993 577 2175 626 inferno
2198 578 2432 631 influunt:
2507 634 2510 637 ,

424 647 672 696 videantur
697 662 808 711 quae
829 646 890 694 de
922 645 991 692 his
1016 646 1145 708 prius
1168 644 1291 690 dicta
1321 644 1372 692 δε
1406 643 1579 692 ostensa
1605 643 1726 708 sunt,
1762 661 1823 692 n:
1851 660 1983 710 2727
2007 646 2065 692 ad
2093 660 2239 709 ²759·
2279 663 2431 710 4434.

425 718 489 776 48
499 731 577 779 34.
602 717 664 775 48
673 732 696 778 3
708 729 771 781 7.·
827 712 977 777 Quod
1010 710 1229 773 r'naechari
1251 711 1301 759 ὅτ,
1324 710 1563 760 adulterari
1590 711 1637 758 in
1662 710 1786 758 sensu
1813 712 1993 760 interno
2029 705 2103 760 seu
2138 712 2356 776 spirituali
2382 713 2435 761 fit

425 782 661 830 falfifieare
680 783 731 829 ὅτ
758 793 1023 845 pervertere
1049 795 1154 826 vera
1178 780 1228 827 &
1259 779 1381 826 bona
1404 777 1511 825 fidei
1538 779 1588 826 δι’
1612 777 1855 834 charitatis,
1889 780 2084 843 proinde
2108 781 2246 827 etiam
2269 780 2435 828 confir—

427 865 556 898 mare
595 847 760 896 falsum
797 849 848 909 &
883 846 1071 895 malurn·
1104 861 1187 910 per
1219 861 1377 908 pravas
1398 844 1728 909 applicationes
1752 861 1777 894 e
1801 846 1980 904 Verbo,
2016 845 2215 893 constare
2238 846 2387 910 potest
2409 862 2437 895 a

427 916 618 978 fingulis
638 915 749 962 locis
773 914 821 961 in
840 914 1004 962 Verbo
1028 914 1109 960 ubi
1129 912 1390 968 adulterari,
1428 911 1665 967 maechari,
1701 913 1752 960 ὅτ
1772 912 1952 960 scortari
1974 913 2287 971 nominantur,
2304 914 2436 979 quod

428 983 670 1032 manifeste
691 980 865 1045 patebit
887 978 1251 1043 asequentibus,
1289 991 1343 1026 ut
1371 977 1496 1042 apud
1531 977 1827 1026 Ezechielem
1865 987 1898 1009 “
1925 977 2018 1027 Fili
2058 979 2278 1037 hominis,
2314 981 2436 1029 noti-

430 1051 518 1101 fica
539 1043 891 1110 Hierosolymae
912 1045 1278 1095 abominationes
1293 1043 1388 1108 ejus
1410 1065 1425 1100 3
1450 1045 1649 1106 scortata
1665 1061 1711 1093 es
1729 1055 1902 1109 propter
1917 1059 2060 1094 nomen
2081 1055 2218 1104 tuum,
2241 1049 2291 1096 &
2314 1047 2436 1096 effu-

429 1114 538 1166 disti
551 1117 832 1178 scortationes
847 1119 949 1162 tuas
972 1113 1107 1177 super
1129 1128 1320 1161 omnem
1346 1110 1651 1161 transeuntem
1672 1130 1683 1159 ε
1720 1112 1911 1161 sumfisti
1936 1114 1996 1161 de
2020 1114 2220 1162 vestibus
2241 1115 2347 1172 tuis,
2384 1117 2436 1164 &

431 1182 579 1232 fecisti
596 1182 680 1232 tibi
704 1182 878 1230 excelsa
902 1181 1154 1246 variegata,
1189 1181 1240 1228 ὅτ,
1257 1180 1451 1240 scortata
1479 1195 1521 1227 es
1537 1181 1665 1242 super
1687 1179 1774 1227 illis
1791 1197 1810 1228 .-
1859 1179 2068 1244 accepisti
2110 1184 2211 1228 vasa
2249 1193 2437 1229 ornatus

428 1250 498 1299 tui
517 1265 576 1299 ex
592 1265 705 1299 auro
730 1265 841 1298 meo
860 1250 911 1297 ὅτ.
934 1264 994 1296 ex
1007 1260 1200 1310 argento
1227 1263 1330 1295 meo
1351 1246 1481 1312 quod
1501 1246 1720 1295 dederam
1745 1246 1847 1304 tibi,
1884 1248 1936 1295 &
1958 1246 2129 1295 feceras
2149 1247 2230 1296 tibi
2268 1250 2436 1312 imagi-

429 1333 508 1366 nes
526 1316 712 1365 masculi
734 1334 746 1364 z
784 1315 980 1364 scortata
999 1330 1046 1361 es
1069 1331 1179 1363 cum
1201 1314 1290 1362 illis
1311 1331 1323 1360 :
1360 1312 1554 1361 sumfisti
1591 1312 1711 1360 filios
1737 1326 1838 1361 tuos
1861 1314 1911 1362 &
1934 1314 2051 1362 filias
2071 1328 2184 1372 tuas,
2219 1330 2333 1378 quas
2359 1332 2439 1380 pe-

431 1383 586 1449 peristi
609 1382 757 1438 Mihi,
790 1384 842 1431 &
859 1381 1110 1430 sacrificasti
1131 1403 1145 1436 ;
1182 1397 1293 1429 num
1335 1396 1499 1446 parum
1530 1377 1592 1435 ⁴de
1613 1381 1946 1441 scortationibus·
1982 1384 2083 1430 tuis.
2154 1384 2356 1430 Scorto-‘a
2394 1399 2449 1432 es·

432 1449 645 1510 cumfiliis
664 1450 863 1513 AEgypti,
899 1445 1072 1497 vicinis
1083 1448 1194 1505 tuis,
1234 1448 1415 1510 magnis
1432 1462 1584 1504 carne,
1608 1447 1658 1495 δε
1679 1446 1966 1511 multiplicasti
1977 1449 2280 1512 scortationem
2298 1459 2451 1508 tuam„

323 1512 345 1541 ⁴
433 1519 492 1566 ad
517 1517 789 1565 irritandum
818 1516 935 1564 Me:
973 1515 1024 1563 δε
1061 1516 1248 1568 scortata
1273 1530 1315 1561 es
1340 1525 1433 1561 cum
1457 1512 1568 1573 filiis
1587 1514 1809 1576 Aschuris,
1844 1530 1954 1562 curn
1981 1514 2156 1563 satietas
2180 1516 2433 1574 tibia-ulla,

435 1600 532 1634 cum
552 1582 702 1648 quibus
721 1584 851 1631 etiam
859 1583 1058 1644 scortata
1071 1597 1130 1639 cs,
1165 1583 1216 1630 ὅτ
1236 1594 1390 1629 tamen
1409 1596 1499 1628 non
1521 1580 1742 1637 saturata:
1778 1583 1828 1629 δε
1848 1581 2131 1645 multiplicasti
2136 1585 2448 1646 stortaticnem-

437 1660 559 1706 tuam
583 1649 724 1715 usque
741 1649 800 1698 ad
835 1663 1005 1697 terram
1040 1647 1365 1710 negotiationis
1390 1647 1679 1704 Chaldaeam,
1716 1649 1765 1696 &
1789 1661 1943 1696 tamen
1969 1650 2014 1695 in
2052 1649 2138 1696 hoc
2162 1666 2253 1697 non
2290 1650 2451 1699 satiata.

435 1733 498 1768 es·
570 1716 744 1764 Mulier
766 1717 967 1765 adultera
990 1715 1072 1763 sub
1094 1716 1194 1762 viro
1221 1714 1302 1763 suo
1331 1715 1497 1779 accipit
1520 1715 1691 1762 alienos
1712 1732 1722 1761 ε
1775 1715 1994 1763 omnibus
2016 1717 2305 1764 meretricibus
2328 1717 2440 1765 dant

434 1784 719 1840 mercedem,
754 1796 804 1832 tu
830 1799 940 1830 vero
958 1781 1147 1844 dedidisti
1168 1780 1374 1830 mercedes
1411 1791 1512 1830 tuas
1528 1782 1715 1830 omnibus
1736 1782 1908 1843 amastis
1930 1784 2030 1839 tuis,
2068 1783 2118 1830 ὅτ,
2142 1784 2455 1832 remunerasti;

379 1904 384 1909 ⁸
435 1867 533 1906 eos,
568 1863 623 1899 ut
648 1850 856 1898 venirent
877 1849 934 1898 ad
971 1861 1016 1897 te
1040 1865 1064 1895 e
1106 1848 1298 1898 circuitu
1333 1851 1380 1896 in
1409 1848 1735 1911 scortationibus
1774 1850 1896 1897 tuis-.-
1928 1862 2175 1912 propterea
2214 1853 2437 1908 meretrix,

435 1918 545 1967 audi
571 1917 762 1967 verbum
780 1917 997 1979 Jehovae,
1019 1915 1223 1980 judicabo
1243 1926 1286 1964 te
1292 1914 1476 1979 judiciis
1495 1914 1808 1971 adulterarum,
1833 1917 1885 1965 ὅτ
1902 1910 2238 1964 εΗὶιηάὲῃῐίυω
2260 1916 2441 1980 sangui·

435 1984 590 2034 nem’'
603 2000 684 2032 xvi
703 2001 717 2032 ε
743 2003 759 2033 ι
783 1984 889 2050 seqq
910 2005 925 2039 ;
950 1986 1057 2048 quis·
1071 2000 1163 2030 non
1187 1982 1343 2030 videre
1359 1982 1525 2046 potest,
1544 1984 1672 2048 quod
1691 1998 1772 2046 per
1788 1982 2079 2030 scortationes
2094 1983 2166 2031 hic
2182 1985 2440 2047 significen-

436 2064 511 2101 tur
548 2050 877 2100 falfificationes
902 2050 998 2110 veri
1022 2065 1075 2098 ac
1098 2049 1446 2099 adulterationes
1470 2050 1616 2104 boni3
1651 2050 1700 2098 δι
1732 2049 1847 2115 „quis
1885 2049 2033 2114 potest
2073 2050 2323 2114 intelligere
2363 2052 2454 2099 hic>

436 2118 701 2174 verbulum,
736 2118 819 2167 msi
846 2117 950 2166 sciat
973 2117 1099 2182 quod
1127 2117 1335 2166 scortatio
1370 2117 1472 2164 talia
1496 2115 1740 2179 significet,
1790 2130 1890 2164 turn
1932 2116 2012 2164 nifi
2051 2110 2158 2165 sciat
2194 2118 2310 2182 quid
2351 2118 2451 2167 filii.

289 2185 293 2188 ’
335 2219 338 2224 -
436 2186 663 2249 AEgypti‚
698 2185 785 2233 filii
810 2184 1049 2239 Aschuris,
1084 2184 1324 2241 Chaldaea,
1360 2199 1466 2231 cum
1491 2184 1654 2247 quibus
1679 2183 1995 2247 Hierisolyma
2018 2183 2189 2232 dicitur
2214 2186 2437 2241 scortata;

507 2252 570 2301 od
596 2267 689 2314 non
705 2267 816 2300 cum
844 2251 931 2300 illis
956 2250 1061 2317 ipfis
1086 2251 1271 2317 populis
1295 2252 1484 2299 scortata
1508 2251 1577 2307 fit,
1612 2263 1772 2314 patet3
1808 2250 2055 2298 dicendum
2080 2251 2232 2316 itaque
2256 2252 2370 2314 quid
2391 2254 2439 2300 in

435 2269 568 2368 {insu
587 2320 768 2374 interno
781 2318 860 2368 illa
878 2318 1137 2384 significant
1158 2339 1173 2374 ς
1198 2334 1277 2383 per
1296 2317 1676 2380 Hierosolymam
1691 2317 1962 2380 intelligitur
1980 2317 2178 2366 Ecclefia
2198 2320 2401 2382 perversa
2422 2340 2453 2373 ·‚.

438 2386 588 2435 vestes
614 2385 678 2435 ibi
701 2385 807 2434 sunt
830 2401 1065 2450 veraquae
1085 2399 1424 2449 pervertuntur,
1462 2385 1567 2432 inde
1592 2384 1694 2432 salsa
1718 2400 1825 2450 quae
1845 2383 2150 2448 agnoscuntur
2170 2385 2269 2434 sunt
2291 2387 2441 2434 excel-

436 2451 484 2501 fi
506 2452 736 2516 variegata
757 2473 774 2509 ς
808 2453 896 2507 filii
919 2448 1121 2516 AEgypti
1147 2453 1252 2500 sunt
1277 2453 1539 2510 scientifica,
1575 2451 1660 2500 filii
1685 2451 1908 2500 Aschuris
1930 2451 2180 2508 ratiocinia,
2216 2452 2451 2501 Chaldaea-

440 2519 749 2583 prophanatio
787 2520 920 2575 veri;
956 2519 1083 2584 quod
1122 2519 1265 2567 vestes
1304 2520 1389 2567 fint
1429 2534 1550 2574 vera,
1587 2518 1798 2566 videatur
1837 2535 1899 2565 n:
1948 2533 2090 2580 1073.
2118 2521 2261 2582 2576.
2286 2534 2441 2582 4545.

442 2586 596 2648 4763.
624 2589 770 2648 5248.
798 2602 942 2650 5319·
967 2602 1113 2651 5954.
1141 2587 1288 2650 6914.
1316 2587 1441 2648 6917
1465 2607 1479 2640 ·,
1514 2584 1643 2650 quod
1666 2584 1838 2632 excelsa
1862 2586 1945 2650 finat
1967 2583 2128 2641 cultus‘,
2163 2586 2334 2634 excelsa
2363 2602 2455 2635 va·-

441 2653 614 2716 riegata
637 2652 712 2700 hic
734 2652 878 2700 cultus
899 2651 1028 2717 falfi„
1052 2670 1081 2700 n
1106 2671 1117 2700 :
1144 2654 1240 2718 796
1263 2673 1280 2708 ;
1315 2653 1417 2700 vasa
1440 2665 1629 2700 ornatus
1647 2668 1705 2701 ex
1729 2667 1839 2699 auro
1862 2653 1913 2700 &
1930 2664 2120 2714 argento
2143 2651 2258 2701 sunt>
2278 2654 2439 2715 cogni-

439 2720 588 2768 tiones
614 2719 724 2766 boni
747 2719 801 2767 ὅτ..
819 2719 940 2775 veri,
976 2719 1106 2784 quod
1131 2721 1235 2768 vasa
1265 2721 1351 2768 fint
1372 2719 1678 2783 cognitione3‚
1730 2736 1792 2766 n:
1819 2719 1963 2782 3068.
1988 2734 2156 2784 3079;
2200 2720 2325 2783 quod
2360 2737 2437 2768 au-

439 2803 543 2835 rum
565 2786 617 2834 fit
641 2786 835 2842 bonum,
872 2802 1072 2850 n:*113.
1105 2803 1247 2850 1551.
1278 2803 1421 2849 1552.
1448 2787 1597 2848 5658.
1624 2786 1771 2851 6914.
1800 2787 1930 2850 6917
1952 2807 1967 2839 ·‚
1990 2800 2248 2847 argentum,
2270 2801 2455 2837 verum,

438 2853 570 2909 boni,
606 2869 667 2899 n:
707 2867 845 2912 '55¹-
873 2854 1018 2910 2148.
1050 2869 1194 2917 2954.
1230 2855 1391 2915 561583
1445 2853 1670 2914 imagines
1696 2853 1881 2900 masculi
1919 2853 2142 2916 fignificat
2159 2848 2471 2917 apparentiae*

440 2921 493 2970 δε
517 2918 830 2968 similitudines
857 2920 973 2966 veri:
1010 2934 1039 2965 n
1063 2919 1265 2980 :20463
1302 2919 1391 2967 filii
1423 2920 1474 2967 δε
1499 2920 1627 2976 flliae,
1662 2936 1774 2984 quas
1807 2933 2099 2984 pepererunt,
2135 2921 2238 2968 sunt
2260 2936 2363 2967 vera
2387 2922 2456 2970 &-

441 2988 564 3036 bona
587 3001 696 3050 quae
717 2997 1055 3050 perverterunt,
1088 2986 1216 3049 quod
1237 2985 1320 3032 filii
1348 2986 1437 3034 fior.
1458 3001 1581 3049 vera,
1618 3003 1677 3032 n:
1704 2989 1817 3051 489.
1843 3000 1957 3051 491:
1983 3002 2095 3051 533.
2122 3006 2139 3036 1
2156 3002 2262 3052 147.
2289 2987 2455 3049 2623..

429 3058 589 3122 2803.
613 3054 759 3167 28ι13.
787 3067 914 3118 3373
942 3073 957 3107 3
992 3055 1121 3116 quod
1146 3051 1258 3100 filiae
1282 3052 1422 3108 bona,
1457 3069 1516 3100 n:
1543 3055 1658 3111 482.
1695 3057 1841 3115 2362.
1879 3069 2047 3117 30243
2097 3055 2223 3120 quod
2250 3053 2335 3101 filii
2357 3053 2440 3100 ΙΕ-

441 3123 576 3186 gypti
598 3121 682 3168 fint
719 3121 962 3176 cientifica,
998 3134 1080 3180 per
1104 3135 1211 3183 quae
1235 3118 1480 3183 perversio,
1517 3135 1580 3166 n:
1613 3119 1756 3180 1164.
1790 3121 1934 3182 1165.
1968 3121 2108 3170 1186.
2140 3121 2283 3177 1462.
2309 3123 2438 3181 2588

440 3188 539 3237 fin:
563 3203 711 3255 4749.
736 3187 887 3254 4964.
911 3186 1063 3254 4968.
1090 3201 1238 3252 5700.
1264 3202 1412 3255 5702.
1434 3188 1584 3250 6004.
1610 3186 1757 3251 6015.
1785 3186 1934 3251 6125.
1965 3186 2115 3248 6651.
2138 3185 2457 3318 6679.gggg,

2409 3269 2451 3302 2.
