2722 3684
433 231 561 297 512
864 205 939 283 ‚E
1032 204 1160 273 'X
1291 205 1348 270 O
1487 207 1561 270 D
1703 205 1776 270 U
1906 204 1972 270 S.

419 317 620 381 judicare
638 332 694 367 ex
708 318 885 367 Divino
901 319 1025 368 Vero
1036 319 1168 384 quod
1192 318 1248 366 ab
1267 317 1401 382 Ipso:
1427 328 1524 366 tum
1541 319 1667 382 quod
1693 318 1914 366 Moscheh
1939 320 1988 367 &
2008 316 2133 366 Elias
2149 317 2231 379 vtfi
2241 317 2324 375 lint
2348 321 2395 367 in

418 385 563 449 gloria
580 383 611 408 ”
658 385 788 434 Luc:
813 401 896 434 rx:
923 401 1020 450 303
1069 384 1194 448 quod
1214 383 1450 431 Moscheh
1472 386 1522 433 δε
1547 385 1671 433 Elias
1706 385 1767 432 ibi
1803 384 1887 432 fint
1920 384 2146 440 Verbum,
2183 386 2391 433 videatur

413 450 642 500 'PraeFatio
663 451 864 515 ad-Cap:
891 466 1022 499 xviri
1042 468 1055 498 ε
1078 447 1258 497 Genes:
1293 449 1346 497 δι
1368 465 1425 496 n:
1453 450 1595 511 2762.
1619 465 1763 511 5247.
1784 465 1914 514 9372
1939 470 1953 503 ;
1989 449 2034 497 id
2059 465 2243 512 quoque
2268 450 2395 499 intel-

425 516 587 577 ligitur
621 530 702 580 per
739 515 1128 566 Glorificationem
1155 514 1350 563 Domini
1373 514 1497 577 apud
1521 515 1784 577 Jobannem
1820 522 1853 544 ‘⁷‘
1877 515 2007 564 Nunc
2031 515 2301 578 glorificatus
2334 516 2392 577 est

423 581 559 630 Elius
580 583 775 639 hominis,
811 582 862 629 ὅτ
886 582 1007 628 Deus
1031 578 1297 642 glorificatus
1317 580 1373 640 est
1396 580 1440 626 in
1466 579 1570 643 Ipso
1591 599 1608 635 ς
1658 580 1794 626 etiam
1821 580 1948 627 Deus
1964 579 2220 641 glorificabit
2245 582 2387 642 Ipstem

424 646 471 694 in
495 648 551 695 Se
574 647 713 711 Ipso·‚
750 649 800 695 ὅτ,
823 647 973 694 statim
999 644 1257 708 glorificabit
1279 645 1421 708 Ipsum
1441 644 1474 664 ’⁵
1525 661 1653 692 xm:
1687 661 1764 706 3¹·
1790 660 1849 707 37.
1875 664 1892 698 ς
1928 645 2169 707 glorificari
2197 645 2239 691 in
2267 647 2387 701 De0‚

422 713 607 761 est'fieri
634 713 861 761 Divinum
885 712 1060 760 bonum
1083 725 1141 757 ex
1165 712 1280 777 Qio
1302 710 1531 758 Divinum
1557 712 1734 758 Verum
1757 726 1770 757 ε
1807 711 2005 758 firniliter
2027 711 2148 771 apud
2170 710 2388 760 Eundem

422 778 554 842 Cap;
577 794 652 833 xri
675 794 687 824 ε
711 775 826 825 Vers
840 793 854 825 ε
880 780 961 826 28.
1031 777 1117 824 Per
1133 775 1338 824 Gloriam
1357 776 1632 838 fignificatur
1652 775 1878 823 Divinum
1898 776 2074 823 Verum
2097 777 2340 838 procedens
2362 792 2390 825 a

420 842 630 890 Domino
664 842 796 904 quale
835 842 900 889 est
938 842 983 890 in
1022 841 1163 897 coelo,
1198 842 1337 889 etiam
1379 842 1424 888 in
1462 841 1750 904 sequentibus
1782 840 1852 887 his
1885 841 2027 896 locis;
2062 839 2181 903 apud
2206 840 2417 893 Esaiam-

418 914 453 938 “
477 903 591 956 Vox
612 907 845 955 clamantis
869 907 915 955 in
937 905 1124 963 deserto,
1157 919 1309 971 parate
1342 906 1462 954 viam
1505 906 1733 966 Jehovae;
1767 906 1816 953 &
1850 905 2112 955 revelabitur
2141 906 2289 968 gloria
2310 907 2389 970 Je-

416 974 558 1030 hovae,
595 974 644 1021 &
667 972 891 1020 videbunt
912 971 1066 1021 omnis
1088 986 1189 1020 caro
1206 970 1337 1019 simul
1355 970 1389 1037 ’ἓ
1423 986 1511 1019 xa:
1539 988 1584 1033 3,
1610 988 1656 1031 5,
1690 972 1754 1018 ibi
1771 972 1829 1019 de
1847 972 2044 1019 adventu
2064 971 2272 1027 Domini,
2288 1026 2290 1028 ,
2307 974 2388 1020 ubi

414 1038 563 1101 glor-ia
586 1038 780 1098 Jehovae
813 1054 920 1102 quae
957 1037 1227 1085 revelabitur
1248 1036 1313 1084 est
1337 1036 1568 1085 Divinum
1591 1037 1803 1085 Verum:
1838 1037 1966 1100 quod
1992 1036 2221 1086 Dominus
2246 1036 2292 1084 id
2315 1038 2386 1094 fit,

413 1104 524 1167 quia
539 1104 595 1151 ab
614 1104 735 1167 Ipso,
770 1115 892 1167 patet
914 1102 1037 1167 apud
1053 1102 1311 1166 johannem
1346 1110 1380 1134 ‘⁶
1406 1103 1459 1150 In
1484 1099 1711 1166 principio
1730 1114 1827 1151 erat
1848 1103 2072 1157 Verbum,
2097 1103 2146 1151 δι
2175 1102 2383 1153 Verbum

414 1181 509 1217 erat
529 1170 650 1234 apud
678 1170 851 1225 Deum,
884 1169 936 1218 &
961 1170 1087 1217 Deus
1107 1180 1202 1216 erat
1219 1167 1423 1217 Verbum
1445 1187 1462 1222 ς
1512 1167 1556 1214 in
1581 1166 1689 1231 Ipso
1709 1167 1804 1224 vita
1826 1181 1937 1225 erat,
1974 1168 2023 1215 &
2050 1166 2141 1216 vita
2161 1179 2262 1217 erat
2285 1169 2388 1216 Lux

413 1236 632 1283 hominum
652 1252 668 1282 .·
701 1246 794 1282 erat
817 1235 915 1282 Lux
956 1249 1099 1282 vera.-
1131 1235 1181 1281 &
1204 1232 1408 1281 Verbum
1433 1233 1552 1280 Caro
1581 1232 1755 1280 fadium
1779 1233 1861 1289 est,
1896 1234 1944 1279 &
1978 1232 2164 1281 vidimus
2191 1233 2384 1297 gloriam

412 1300 564 1361 Ipsius,
580 1300 765 1365 gloriam
789 1309 836 1348 ut
857 1301 1064 1363 unigeniti
1077 1315 1107 1346 a
1125 1300 1265 1348 Patre
1282 1297 1314 1318 '²
1350 1314 1370 1346 1
1389 1315 1402 1346 ε
1433 1315 1474 1347 1.
1493 1314 1540 1357 4.
1560 1314 1608 1360 9.
1635 1314 1690 1358 ¹4
1710 1318 1724 1351 ς
1750 1298 1956 1347 Verbum
1979 1299 2038 1346 ibi
2058 1297 2121 1347 est
2142 1298 2381 1350 Divinum

412 1366 612 1422 Verum,
648 1365 852 1413 fimiliter
868 1365 995 1421 Lux,
1031 1364 1137 1411 inde
1161 1375 1281 1427 patet
1312 1363 1426 1428 quid
1450 1364 1502 1412 fit
1523 1364 1675 1411 videre
1694 1363 1888 1425 gloriam
1915 1363 2096 1427 Ipfius;
2132 1364 2254 1425 quod
2282 1365 2382 1412 Do-

414 1432 566 1477 minus
590 1433 749 1477 nonin
773 1429 863 1476 aliar
888 1430 1032 1493 gloria
1069 1431 1115 1477 in
1153 1428 1331 1477 mundo
1366 1429 1641 1493 apparuerit,
1678 1440 1842 1492 praeter
1880 1444 1985 1476 cum
2022 1429 2378 1484 transformatus,

410 1509 574 1544 notum
598 1495 674 1543 est.
746 1494 918 1542 Pariter
948 1494 1057 1546 alibi
1094 1510 1119 1542 a
1187 1495 1216 1541 d
1241 1494 1502 1558 Johannem
1537 1501 1570 1524 ‘⁶
1590 1494 1713 1541 Haec
1734 1494 1847 1542 dicit
1870 1493 2037 1550 Esaias⁹
2079 1493 2243 1558 quando
2265 1493 2382 1543 vidit

402 1561 589 1624 gloriam
612 1562 758 1622 Ipsius,
782 1562 831 1609 ὅτ
851 1561 1066 1625 loquutus
1085 1577 1110 1609 e
1172 1559 1230 1606 de
1252 1559 1373 1623 Ipso.
1411 1559 1499 1606 Sed
1522 1558 1774 1620 diligebant
1790 1559 1979 1623 gloriam
2000 1559 2209 1606 hominum
2235 1561 2384 1620 magis

409 1642 549 1691 quam
577 1627 760 1691 gloriam
785 1627 903 1682 Παῖς
955 1625 1064 1712 Ego
1102 1627 1203 1676 Lux
1225 1628 1271 1673 in
1293 1623 1492 1673 mundum
1531 1627 1650 1683 veni,
1691 1637 1746 1672 ut
1767 1625 1917 1673 omnis
1939 1625 2020 1687 qui
2041 1625 2184 1671 credit
2208 1624 2252 1671 in
2280 1625 2384 1683 Me,

410 1692 457 1738 in
483 1694 676 1740 tenebris
701 1707 793 1740 non
814 1703 994 1739 maneat
1030 1691 1044 1711 '
1080 1707 1154 1739 xri
1181 1708 1191 1737 ε
1217 1707 1296 1750 4¹·
1322 1707 1404 1753 43.
1428 1691 1494 1749 46
1515 1710 1530 1744 ς
1564 1691 1699 1738 etiam
1724 1691 1796 1738 hic
1817 1690 1961 1753 gloria
1987 1690 2182 1739 Domini
2207 1691 2258 1738 δε
2281 1690 2381 1751 glo-

407 1758 471 1805 ria
494 1758 581 1806 Dei
605 1773 690 1821 pro
711 1757 889 1804 Divino
910 1757 1053 1813 Vero,
1077 1758 1127 1805 ὅτ
1144 1756 1289 1820 gloria
1313 1756 1556 1803 hominum
1579 1771 1665 1818 pro
1689 1754 1815 1804 falso.
1885 1757 2030 1819 Apud
2056 1753 2235 1802 Esaiam
2273 1763 2306 1785 ‘⁵
2326 1755 2384 1802 11-

407 1823 646 1879 luminare,
680 1823 786 1887 quia
807 1825 928 1877 venit
951 1823 1055 1871 Lux
1075 1831 1170 1877 tua,
1204 1822 1418 1885 &gloria
1439 1821 1618 1882 Jehovae
1657 1819 1786 1884 super
1821 1821 1897 1868 Te
1929 1832 2084 1868 exorta
2117 1820 2214 1875 est;
2251 1820 2386 1883 super*

408 1886 483 1935 Te
506 1889 734 1936 exorietur
756 1887 984 1951 Jehovah,
1019 1889 1069 1935 δε
1104 1887 1257 1945 Gloria
1281 1887 1411 1950 Ipsius
1430 1887 1553 1949 [ἔφη
1575 1884 1633 1933 Te
1653 1885 1872 1935 videbitur
1890 1904 1906 1933 :
1964 1886 2114 1935 Gloria
2137 1885 2299 1933 Libani
2321 1886 2377 1933 ad

406 1952 481 1999 Te
509 1957 673 2011 veniet,
707 1955 763 2000 ad
796 1952 1103 2001 decorandum
1141 1952 1293 2001 locum
1330 1951 1579 2001 Sanftuarii
1619 1952 1740 1999 mei:
1778 1968 1868 1998 non
1893 1952 2070 2003 occidet
2093 1952 2292 2014 amplius
2315 1951 2380 1998 sol

404 2030 527 2075 tuus,
551 2020 601 2067 &
625 2019 731 2066 luna
754 2031 829 2076 tua
851 2018 1221 2081 noneolligetur,
1245 2019 1353 2083 quia
1373 2016 1583 2080 Jehovah
1608 2019 1694 2064 erit
1718 2017 1833 2065 Tibi
1856 2020 1901 2064 in
1923 2017 2054 2065 lucem
2072 2019 2324 2067 aeternitatis
2343 2015 2378 2040 '⁹

406 2099 491 2131 Lx:
524 2100 542 2130 1
571 2085 627 2133 ad
652 2086 744 2132 fin:
780 2083 844 2131 ibi
884 2081 1117 2131 manifeste
1154 2084 1306 2145 agitur
1341 2083 1400 2131 de
1438 2081 1637 2130 adventu
1673 2082 1889 2140 Domini,
1925 2083 1983 2133 de
2006 2083 2186 2143 Regno
2214 2081 2383 2143 Iplius,

402 2149 461 2195 de
479 2149 617 2197 Coelo
634 2151 684 2198 &
702 2150 759 2196 de
778 2148 976 2197 Ecclesia
995 2169 1010 2203 ς
1034 2148 1265 2198 Divinum
1289 2149 1466 2197 Verum
1491 2146 1737 2211 procedens
1755 2163 1780 2199 a
1798 2148 1975 2197 Divino
1997 2148 2222 2196 Humano
2234 2147 2379 2209 {plius

402 2214 448 2261 in
472 2226 573 2262 toto
598 2215 677 2263 illo
699 2214 862 2278 Capite
884 2213 1166 2272 describitur,
1217 2215 1268 2263 δε
1290 2223 1479 2262 vocatur
1503 2212 1630 2270 Lux,
1683 2214 1883 2270 Honor,
1911 2215 1962 2266 ,ὅτ
1983 2213 2158 2261 Gloria.
2227 2214 2370 2275 Apud

347 2318 359 2327 .
401 2278 617 2328 Eundem
655 2286 690 2315 “
711 2279 969 2328 Timebunt
989 2280 1051 2327 ab>
1068 2279 1226 2328 occasu
1261 2279 1365 2329 solis
1397 2277 1587 2326 Nomen
1623 2278 1834 2339 Jehovae,
1870 2279 1917 2326 &
1943 2279 2001 2326 ab
2024 2290 2126 2331 ortu
2151 2277 2252 2331 solis
2274 2277 2375 2327 Glo-

402 2346 515 2392 riam
534 2345 665 2406 Iffus
694 2365 711 2400 ς
732 2345 887 2392 veniet
904 2343 1046 2394 Zioni
1062 2345 1350 2409 Redemptor
1366 2342 1401 2363 '’
1437 2359 1561 2393 ux:
1592 2359 1667 2407 19.
1693 2358 1790 2400 20³
1814 2344 1879 2392 ibi
1896 2344 2033 2397 etiam
2051 2343 2110 2395 de
2128 2342 2376 2398 Domin03

403 2410 595 2457 Nomen
615 2411 813 2473 Jehovae
830 2426 914 2474 pro
927 2410 1058 2459 omni
1075 2417 1183 2460 vero
1199 2411 1375 2460 fidei&
1390 2409 1515 2457 bono
1531 2411 1716 2466 amoris,
1739 2424 1796 2458 ex
1820 2426 1919 2474 quo
1940 2409 2103 2464 cultuS,
2138 2424 2166 2455 n
2186 2424 2199 2456 z
2225 2413 2381 2469 2724

401 2476 548 2536 3006.
578 2477 721 2540 6674.
749 2493 810 2540 93
825 2491 900 2525 10.
971 2476 1358 2541 Apud-Eundem
1391 2481 1429 2506 ‘⁶
1446 2475 1621 2524 vocavi
1643 2476 1719 2523 Te
1739 2475 1784 2523 in
1802 2475 1991 2540 justitia,
2027 2476 2075 2527 &
2096 2474 2215 2525 dabo
2236 2475 2308 2522 Te
2326 2475 2381 2521 in

400 2540 554 2589 foedus
580 2543 773 2606 populo,
810 2544 855 2590 in
890 2542 1052 2591 Lucem
1076 2545 1304 2604 gentium-.-
1339 2540 1447 2605 Ego
1481 2539 1709 2605 Jehovah,
1761 2540 1854 2588 hoc*
1885 2541 2074 2595 Nomen
2110 2554 2286 2596 meum,
2322 2539 2375 2590 δε

394 2605 578 2670 gloriam
598 2623 732 2655 meam
753 2608 883 2665 alteri
904 2623 980 2655 non
1000 2606 1108 2655 dabo
1124 2607 1158 2632 ’³
1188 2623 1293 2656 xmr
1313 2624 1326 2655 ε
1351 2607 1396 2654 6.
1423 2609 1449 2655 8
1472 2626 1487 2660 ;
1522 2605 1596 2654 hic
1620 2621 1805 2670 quoque
1826 2606 1882 2654 de
1903 2603 2129 2662 Domino,
2162 2605 2241 2653 ubi
2262 2605 2383 2659 Lux,

397 2673 607 2733 gentium
631 2673 693 2719 est
719 2672 944 2721 Divinum
984 2673 1161 2720 Verum
1198 2672 1327 2737 quod
1349 2671 1408 2719 ab
1430 2670 1568 2734 1pso;
1619 2673 1812 2733 gloriam
1856 2686 1947 2719 non
1982 2672 2107 2719 alteri
2148 2669 2271 2727 dare,
2308 2669 2374 2717 est

397 2737 643 2800 quodnon
670 2739 726 2785 ab
747 2738 837 2786 alio
859 2753 999 2802 quam
1021 2754 1047 2785 a
1070 2738 1303 2795 Domino,
1350 2736 1447 2800 Qi
1472 2737 1748 2785 unum'cum
1774 2735 2004 2799 Jehovah,
2053 2735 2264 2800 procedet
2289 2735 2376 2783 Di·

397 2802 560 2850 vinum
584 2801 699 2850 illud
737 2803 915 2850 Verum
935 2820 947 2850 :
998 2815 1049 2852 ut
1070 2818 1256 2868 quoque
1276 2803 1398 2866 apud
1423 2801 1638 2851 Eundem
1672 2811 1706 2834 ‘⁶
1723 2802 1916 2866 Propter
1938 2802 2042 2858 Me,
2089 2813 2271 2866 propter
2292 2800 2376 2848 Me

398 2866 576 2925 faciam,
613 2869 662 2916 &
683 2870 875 2930 gloriam
908 2875 1040 2917 meam
1080 2870 1160 2918 alii
1196 2885 1277 2917 non
1316 2865 1472 2916 dabo”
1525 2882 1688 2915 XLv111
1710 2884 1726 2914 .·
1756 2881 1831 2917 12.
1901 2867 2073 2918 Pariter
2106 2866 2214 2915 alibi
2246 2866 2373 2931 apud

397 2933 575 2980 Esaiam
613 2932 891 2995 “Erumpet
914 2935 1022 2982 ficut
1044 2950 1202 2982 aurora
1226 2936 1329 2983 Lux
1357 2943 1473 2988 tua;
1507 2932 1761 2981 ambulabit
1800 2944 1902 2981 ante
1933 2933 2009 2979 Te
2036 2931 2206 2996 justitia
2249 2944 2369 2987 mea,

398 2998 549 3044 Gloria
573 2998 752 3060 Jehovae
774 2998 935 3060 colliget
961 3001 1035 3046 Te
1054 2999 1088 3019 '’
1140 3016 1268 3048 Lvnr
1295 3018 1307 3047 :
1334 3002 1393 3047 8:
1427 2999 1551 3062 apud
1576 2998 1795 3046 Eundem·
1827 3007 1860 3030 “
1884 2997 2047 3045 Veniet
2084 2998 2141 3047 ad
2177 3011 2367 3058 congre-

400 3064 605 3124 gundum
626 3079 789 3112 omnes
811 3077 966 3124 gentes
988 3066 1036 3112 &
1054 3066 1244 3126 linguas,
1267 3077 1321 3113 ut
1338 3064 1519 3112 veniant
1535 3064 1583 3112 &
1601 3063 1773 3113 videant
1788 3065 1975 3128 gloriam
2000 3080 2130 3112 meam
2148 3062 2178 3087 ’³
2213 3076 2329 3109 var
2356 3077 2368 3107 :

400 3129 478 3180 18.
546 3130 692 3194 Apud
719 3129 935 3178 Eundem
986 3138 1022 3196 ξξ
1046 3129 1275 3192 Regnabit
1296 3129 1510 3196 Jehovah
1534 3129 1747 3180 Zebaoth
1770 3130 1818 3180 in
1840 3140 2000 3182 monte
2024 3127 2295 3241 Zionis,H&
2321 3127 2370 3173 in

2022 3221 2028 3226 -
2168 3214 2171 3217 ⁴
2256 3206 2348 3240 reto
