2722 3684
520 163 917 235 CAPUT
968 157 1562 229 DECIMUM
1614 158 2107 232 NONUM.
2244 183 2368 246 151

439 293 585 341 8816.
622 291 689 338 Et
709 289 965 354 trepidabat
986 286 1141 338 omnis
1165 287 1368 351 populus
1388 288 1472 351 qui
1498 287 1546 335 in
1568 286 1740 344 castriS,
1769 287 1900 351 quod
1924 287 2147 352 significet
2165 291 2368 342 faustum

371 367 627 406 tremorem
651 356 740 403 illis
756 356 836 420 qui
864 355 1105 420 recepturi,
1139 354 1311 401 constat
1335 369 1393 402 ex
1417 354 1744 416 significatione
1764 354 2003 417 trepidare,
2039 357 2162 418 quod
2179 360 2233 406 fit
2250 359 2371 407 sanc-

374 435 451 470 tus
477 434 646 468 tremor
667 442 681 475 ;
717 423 766 469 δε
789 439 846 470 ex
869 422 1196 485 significatione
1217 421 1381 485 populi
1404 419 1555 485 quiin
1571 420 1741 476 castriS,
1778 420 1904 484 quod
1929 421 2014 469 sint
2037 422 2113 484 qui
2139 423 2367 474 DIvinum

370 487 548 535 Verum
590 490 827 551 recepturi.
900 489 953 535 In
979 489 1136 535 Verbo
1175 489 1336 551 paffim
1372 487 1554 542 dicitur,
1607 486 1736 551 quod
1758 500 1867 533 cum
1890 486 2122 534 descendit
2139 487 2366 548 Jehovah,

370 552 692 601 contremiscat
717 566 847 611 terra,
887 555 937 602 δι’
959 553 1173 602 diffluant
1197 566 1393 609 montes,
1443 565 1496 600 ut
1518 551 1698 601 Psalm:
1724 567 1894 600 txxvu
1912 569 1927 600 ε
1958 555 2033 602 18.
2064 568 2141 616 19·
2178 555 2328 603 Psalm
2349 572 2364 602 ε

275 665 278 668 ⁴
367 633 504 665 xcvrr
526 634 537 664 :
562 635 612 679 4.
639 635 685 679 5.
722 618 1039 668 Psalm:c1v:
1066 634 1146 682 32,
1181 619 1233 667 &
1269 618 1392 676 alibi,
1426 619 1479 667 δε
1501 634 1583 682 per
1606 619 1652 666 id
1687 618 1961 682 significatur
1981 621 2238 668 commotio
2258 636 2363 669 om-

369 683 499 730 nium
522 684 579 730 ad
600 683 889 748 praesentiam
910 685 1093 742 Divini,
1129 701 1235 733 nam
1256 686 1485 734 Divinum
1511 685 1599 731 tale
1621 684 1705 743 est,
1741 697 1794 733 ut
1816 699 1958 732 nemo
1981 683 2187 734 sustineat
2209 686 2291 734 nisi
2317 687 2363 734 in

370 750 570 811 quadam
594 752 716 797 nube
747 752 817 809 fit,
852 753 903 800 δε
926 753 984 800 fic
1006 752 1376 801 accommodatus
1398 751 1668 815 receptioni,
1704 750 1768 798 est
1784 750 1908 798 enim
1933 750 2045 798 ficut
2068 752 2189 812 ignis
2207 754 2292 816 qui
2316 753 2362 800 in

370 816 479 871 sole,
513 815 595 878 qui
621 816 653 864 fi
679 818 828 865 nudus
844 818 1079 875 incideret,
1116 829 1361 866 momento
1388 817 1704 872 consumeret,
1740 815 1813 865 sed
1837 816 2037 880 receptio
2060 817 2102 863 se
2124 816 2263 866 habet
2297 817 2363 866 se·

366 879 575 929 cundum
603 883 782 931 bonum
807 885 930 947 apud
956 883 1347 945 unumquemvis;
1394 885 1478 947 qui
1499 882 1544 929 in
1575 883 1701 929 bono
1725 882 1843 938 sunt,
1878 882 1935 929 ad
1960 880 2247 946 praesentiam
2275 883 2361 932 Di-

361 949 461 994 vini
485 947 675 1010 quidem
701 948 1078 1005 contremiscunt,
1114 948 1189 995 sed
1206 947 1272 995 est
1291 959 1464 996 tremor
1483 946 1658 995 sandius
1678 949 1757 1012 qui
1775 948 1994 1012 praecedit
2011 951 2318 1012 receptionem
2339 970 2358 1006 3

362 1024 410 1060 at
431 1013 514 1076 qui
539 1011 585 1059 in
609 1013 737 1061 malo
759 1012 880 1070 sunt,
914 1014 971 1062 ad
998 1013 1282 1077 praesentiam
1299 1013 1461 1063 Divini
1487 1013 1534 1061 in
1561 1026 1729 1062 terrore
1752 1014 1874 1071 sunt,
1897 1028 1948 1061 ac
1971 1013 2076 1062 ideo
2097 1013 2357 1079 aufugiunt,

362 1077 418 1125 ὅτ
450 1092 558 1125 tunc
592 1079 899 1128 involvuntur
931 1079 1053 1129 falsis
1086 1079 1193 1137 suis,
1245 1079 1359 1127 ficut
1392 1079 1528 1127 furva
1563 1080 1703 1137 nube,
1754 1081 1806 1128 ὅτ
1840 1078 2203 1137 absconduntur,
2258 1082 2358 1131 haec

365 1143 674 1207 significantur
709 1162 790 1208 per
822 1161 1036 1194 cavernas
1071 1159 1336 1211 petrarum,
1378 1147 1425 1194 in
1472 1159 1585 1211 quas
1629 1159 1740 1194 tunc
1783 1145 1828 1194 se
1874 1147 2131 1210 recipiunt;
2190 1162 2250 1195 ex
2284 1147 2356 1195 his

361 1208 564 1322 αρὲιίὶατο
608 1212 774 1276 potest,
820 1212 935 1277 quid
981 1228 1064 1277 per
1107 1211 1361 1277 trepidabat
1402 1212 1553 1262 omnis
1597 1212 1797 1278 populus
1840 1212 1925 1277 qui
1969 1212 2017 1260 in
2062 1212 2232 1272 castris,
2269 1213 2358 1277 fig-

357 1289 407 1322 m
443 1288 584 1326 catur.

432 1343 575 1400 8817.
615 1342 681 1390 Et
702 1345 826 1392 exire
857 1343 965 1392 fecit
989 1343 1213 1393 Moscheh
1238 1345 1466 1409 populum
1503 1342 1689 1392 obviam
1708 1343 1829 1401 Deo',
1862 1357 1889 1391 e
1909 1342 2078 1402 castriS,
2113 1343 2241 1409 quod
2267 1343 2354 1408 sig-

359 1405 523 1521 3323
539 1409 1713 1541 ἳῗξξῖἑέἱῖἒοῖῗέξῑὲἰῗὲἑάρῗρἶῖἓὲφέἓὲῗαὲξ
1729 1409 2354 1541 ’Ἑξωὲῃῗῗέῗέἐῐεὶἳῗζ

1340 1529 1342 1531 ,
1551 1520 1557 1527 -
1863 1509 1880 1532 2

356 1536 417 1585 ad
443 1541 698 1602 parandum
723 1539 826 1590 illos
847 1554 899 1589 ut
922 1542 1140 1606 recipiant
1164 1540 1414 1598 Divinum,
1449 1558 1557 1590 nam
1581 1540 1729 1604 agitur
1763 1543 1809 1588 in
1834 1540 2120 1606 sequentibus
2142 1542 2200 1588 de
2219 1542 2350 1606 Lege

358 1604 1156 1725 {ffssssssxssffifssgzffssfffflaegz
1208 1623 1309 1722 ⁰²²0-
1321 1607 2045 1723 ‘232‘2300211332525212225
2052 1609 2349 1723 2533&ss

357 1737 565 1798 potentia
603 1739 790 1802 parandi
828 1727 885 1786 ad
912 1742 1237 1803 receptionem,
1272 1709 1356 1805 per
1378 1708 1567 1788 Verum,
1584 1689 1635 1787 aq
1644 1738 1838 1797 Divino,
1872 1740 1999 1804 quod
2023 1755 2104 1804 per
2122 1709 2345 1790 Mosc’hen

355 1801 717 1865 repraesentatur,
761 1821 823 1853 n:
851 1806 996 1871 8760.
1024 1806 1168 1871 8787.
1196 1808 1340 1867 8805.

422 1869 568 1916 8818.
605 1869 670 1918 Et
686 1871 985 1920 constiterunt
1004 1872 1049 1919 in
1071 1871 1559 1929 inferioribus'montis,
1594 1869 1720 1937 quod
1742 1869 1966 1936 significet
1984 1870 2128 1935 longe
2157 1886 2183 1919 a
2217 1870 2343 1921 bono

349 1933 523 1982 amoris
542 1935 752 1993 coelestis,
784 1939 959 1986 constat
990 1953 1050 1986 ex
1073 1938 1394 2003 significatione
1418 1939 1587 1987 montis
1621 1938 1764 1995 Sinai,
1797 1936 1925 2003 quod
1970 1936 2023 1986 fit
2058 1938 2250 1995 coelum,
2288 1940 2341 1988 δε

354 1998 414 2047 fic
434 1998 615 2048 Bonum
642 2002 872 2052 Divinum
891 2006 1074 2052 unitum
1100 2005 1277 2052 Divino
1302 2004 1427 2052 Vero
1448 2005 1530 2060 ibi,
1565 2005 1622 2052 de
1644 2018 1734 2067 qua
1758 2015 1818 2051 n:
1846 2005 1973 2065 8805
1996 2024 2011 2058 ;
2045 2003 2095 2052 &
2120 2020 2179 2052 ex
2204 2005 2341 2069 figni-

353 2063 567 2112 ficatione
580 2067 813 2116 confistere
835 2070 882 2117 in
900 2069 1184 2118 inferioribus
1201 2068 1475 2138 ejugquod
1498 2070 1555 2118 fit
1588 2070 1729 2134 longe
1752 2069 1826 2117 seu
1850 2083 2027 2118 remote
2048 2070 2105 2117 ab
2127 2068 2236 2118 illo:
2271 2071 2344 2119 in-

352 2130 581 2194 telligitur
600 2132 676 2180 hic
697 2135 744 2182 in
763 2134 888 2184 sensu
913 2135 1093 2184 interno
1111 2135 1324 2186 historico
1343 2152 1458 2201 gens
1482 2135 1737 2192 Israelitica,
1754 2150 1864 2201 quae
1882 2135 2010 2199 quod
2023 2136 2190 2200 absque
2212 2136 2340 2186 bono

347 2197 519 2244 amoris
538 2197 731 2247 coelestis
753 2201 907 2259 fuerit,
942 2201 1149 2252 videatur
1171 2200 1303 2267 supra
1326 2219 1356 2251 n
1381 2219 1393 2250 ι
1419 2205 1562 2267 8788.
1584 2202 1733 2260 8806,
1767 2202 1818 2250 δι
1842 2201 1947 2249 inde
1970 2202 2096 2267 quod
2115 2204 2263 2266 longef
2276 2204 2340 2253 ab

347 2261 451 2319 illo,
485 2277 761 2329 quapropter
777 2267 916 2316 etiam
952 2268 1065 2316 infra
1098 2268 1282 2326 dicitur,
1319 2269 1445 2334 quod
1478 2267 1702 2316 Moscheh
1724 2266 2018 2318 obtestaretur
2040 2269 2261 2331 populum
2288 2275 2344 2321 ut'

347 2326 399 2374 δι
423 2327 686 2388 sacerdotes,
723 2348 781 2379 ne
798 2346 1144 2398 perrumperent
1167 2334 1405 2393 terminos,
1428 2349 1482 2382 ac
1503 2346 1742 2399 tangerent
1759 2346 1985 2390 montem,
2019 2334 2068 2381 δι
2092 2335 2153 2383 sic
2177 2351 2330 2399 moreg

350 2406 515 2452 rentur,
554 2396 700 2445 Vers:
727 2414 808 2447 21.
837 2414 914 2448 22.
943 2415 1023 2457 24·
1051 2415 1132 2462 25.
1199 2400 1253 2448 In
1278 2400 1404 2449 sensu
1427 2413 1581 2450 autem
1617 2401 1815 2458 interne,
1851 2401 1898 2448 in
1921 2415 2019 2464 quo
2034 2399 2186 2462 agitur
2201 2401 2260 2450 de
2284 2399 2337 2449 il·

347 2457 402 2510 lis
423 2460 799 2525 quiab'Ecclefia
823 2466 1063 2530 spirituali,
1100 2466 1375 2531 significatu-r
1406 2481 1488 2531 per
1511 2466 1557 2514 id
1576 2466 1706 2531 quod
1728 2464 2018 2514 consrsterent
2040 2468 2086 2514 in
2111 2464 2335 2516 inseiiori-

346 2524 434 2572 bus
456 2528 647 2585 montis,
676 2530 805 2594 quod
829 2547 922 2580 non
940 2532 1094 2582 liceret
1112 2533 1170 2580 ad
1194 2531 1594 2597 superiuxtcoelum
1624 2548 1684 2581 ex
1703 2531 1984 2599 confidentia
2003 2531 2259 2592 ascendere,
2281 2535 2333 2584 &

347 2590 382 2638 si
403 2590 689 2641 ascenderent
711 2596 837 2660 quod
861 2599 1091 2655 morituri,
1125 2599 1184 2647 de
1207 2616 1299 2664 qua
1322 2598 1675 2659 revideatuffn:
1707 2601 1853 2662 8794.
1882 2601 2026 2663 8797.

416 2659 560 2721 8819.
597 2658 662 2707 Et
685 2677 821 2711 mons
841 2663 962 2713 Sinai
990 2664 1198 2714 fumabat
1221 2678 1343 2730 totus
1366 2664 1460 2724 ille,
1493 2664 1621 2730 quod
1643 2663 1866 2727 significet
1886 2664 2227 2728 apparitionem
2247 2667 2331 2716 bo-

348 2722 394 2770 ni
417 2722 612 2771 coelestis
628 2726 675 2773 in
708 2729 916 2777 maximo
938 2730 1146 2789 obscuro,
1179 2732 1355 2781 constat
1388 2746 1449 2779 ex
1469 2730 1796 2793 significatione
1831 2732 2001 2778 montis
2023 2733 2166 2792 Sinai,
2202 2734 2330 2798 quod

346 2790 403 2837 fit
426 2789 601 2838 bonum
618 2792 820 2851 coeleste,
855 2806 906 2842 ut
923 2811 1037 2844 mox
1054 2795 1184 2860 supra
1207 2814 1269 2846 n:
1297 2800 1423 2847 8818
1446 2818 1461 2852 ς
1495 2799 1546 2846 ὅτ
1567 2809 1627 2845 ex·
1648 2797 1970 2860 fignificatione
1994 2796 2186 2851 fumare,
2200 2799 2340 2864 quod>

351 2856 408 2904 fit
440 2856 667 2920 apparitio
690 2858 734 2904 in
759 2858 947 2907 obscuro
967 2882 989 2916 ς·
1016 2877 1098 2925 per
1119 2863 1361 2912 obscurum
1386 2863 1657 2925 intelligitur
1678 2863 1915 2911 obscurum
1951 2863 2074 2919 fidei,
2112 2867 2246 2930 quale
2263 2865 2330 2914 est

355 2922 542 2971 illorum
565 2923 644 2987 qui
667 2925 725 2972 ab
748 2924 942 2974 Ecclesia
966 2927 1183 2991 spirituali
1208 2929 1464 2992 respective*
1487 2932 1546 2977 ad
1587 2929 1688 2978 illos
1725 2928 1806 2994 qui
1841 2929 1899 2978 ab
1922 2928 2119 2981 Ecclesia
2136 2931 2328 2988 coelesti,

359 3005 424 3038 n:
459 2991 586 3052 2708
611 3005 681 3053 pr.
717 3006 866 3057 2715.
909 2996 1056 3057 2718.
1092 2992 1239 3061 2831.
1280 3011 1427 3061 2935.
1469 3009 1614 3060 2937.
1655 3007 1799 3059 3241.
1839 2998 1986 3060 3833.
2027 2997 2172 3062 6289.
2241 2997 2331 3046 Per

346 3053 606 3128 maximum
627 3056 902 3114 obscurum,¹
919 3061 1047 3124 quod
1074 3060 1355 3125 significatur
1380 3076 1462 3126 per
1477 3062 1604 3126 quod
1630 3075 1763 3110 mons
1796 3061 1919 3111 Sinai
1951 3061 2152 3112 fumabat
2188 3075 2330 3121 totus,

339 3120 393 3170 sc
406 3136 487 3188 per
509 3121 704 3188 idquod
731 3139 845 3175 mox
857 3125 1178 3188 infra-dicitur,
1211 3128 1339 3193 quod
1362 3128 1619 3179 ascenderet
1642 3128 1798 3178 furnus
1818 3127 1911 3194 ejus
1934 3128 2043 3178 ficut
2059 3127 2211 3178 furnus
2235 3128 2330 3176 for·

2191 3210 2330 3252 naen,
