2722 3684
540 174 1046 252 CAPUT
1138 166 2084 246 VIGESIMUM.
2216 188 2348 258 175

420 310 567 358 8881.
620 307 696 364 Et,
719 300 1084 352 custodientibus
1131 306 1364 363 praecepta
1401 312 1521 355 mea,
1574 298 1698 362 quod
1744 298 1965 360 significet
1999 301 2080 360 qui
2116 299 2342 364 recipiunt

355 388 462 422 vera
494 371 621 428 fidei3
658 368 830 418 constat
865 373 924 416 ex
946 366 1280 432 significatione
1315 370 1676 428 praeceptorum,
1711 363 1839 428 quod
1877 363 1963 411 lint
1998 378 2104 411 vera
2137 366 2244 412 fidei
2279 366 2342 413 de

326 454 446 503 -qua
468 453 496 483 n
517 452 530 482 :
556 451 580 497 3
589 438 701 498 382.
731 438 755 481 8
764 434 855 496 362
880 455 896 488 ς
932 434 1064 498 quod
1088 431 1166 479 illa
1188 430 1412 479 custodire
1435 432 1489 479 fit
1511 429 1726 493 recipere,
1760 428 1823 476 efl
1846 429 1955 493 quia
1976 443 2079 475 vera
2097 443 2205 490 quae
2228 431 2338 478 fidei

348 506 594 559 v‘odntur,
645 513 699 549 ut
720 501 807 548 sint
836 500 945 548 fidei
968 514 1021 546 ac
1045 510 1098 546 ut
1123 497 1285 545 vivant
1312 497 1435 560 apud
1470 495 1729 552 hominem,
1779 494 1915 542 etiam
1953 492 2155 541 influunt
2189 509 2214 540 a
2237 496 2337 543 Do-

350 563 486 625 ‘mino
508 588 522 621 3
558 566 794 614 discuntur
814 565 1007 628 quidem
1029 566 1089 612 ab
1110 563 1321 619 homine,
1356 564 1407 611 ὅτ
1430 574 1710 625 reponuntur
1731 559 1778 607 in
1802 559 2043 616 memoria,
2078 558 2152 606 sed
2176 574 2339 623 quam-

341 632 433 681 diu
458 633 604 683 homo
627 648 721 679 non
750 631 851 679 vult
874 630 968 686 illa,
1004 630 1070 678 δε
1097 629 1204 677 inde
1227 643 1320 676 non
1346 626 1452 676 facit
1475 627 1570 684 illa,
1605 643 1696 674 non
1720 625 1839 673 fiunt
1860 629 2002 679 viva3
2051 639 2158 672 cum
2180 637 2338 674 autem

348 713 378 746 e
400 698 624 747 memoria
649 698 1012 761 depromuntur,
1059 695 1110 743 ὅτ
1134 711 1217 758 per
1242 693 1540 742 intellectuale
1563 691 1839 740 insinuantur
1859 690 2104 748 voluntati,
2138 689 2225 737 hoc
2248 690 2331 747 est,

349 772 435 828 per
466 763 799 826 cogitationem
837 760 1089 817 affectioni,
1122 760 1305 810 &inde
1337 760 1477 816 actui,
1531 770 1640 806 tunc
1677 761 1797 806 fiunt
1828 756 1956 812 viva,
1994 756 2045 803 δε
2068 756 2168 803 sunt
2187 755 2295 803 fidei
2317 777 2333 810 3

343 830 452 877 hoc
475 829 532 876 fit
552 845 579 876 a
604 828 831 885 Domino,
882 826 1066 892 quando
1105 827 1253 875 homo
1283 824 1455 874 desistit
1474 840 1499 872 a
1524 823 1671 882 malis,
1713 835 1766 872 ut
1802 837 1916 871 mox
1956 821 2160 886 supi-an:
2186 824 2351 878 8880,

353 894 536 942 dietum
566 893 646 942 est.
1752 893 1757 896 ’

373 967 380 971 “
417 963 563 1009 8882..
600 959 714 1007 Non
733 957 849 1006 feres
867 957 1061 1005 Nomen
1083 955 1175 1004 Dei
1194 955 1262 1006 tui
1282 955 1328 1004 in
1347 970 1538 1012 vanum,
1560 954 1687 1019 quod
1706 953 1928 1016 significet
1945 951 2326 1018 prophanationes

302 1062 306 1065 ⁴
348 1025 401 1074 δε
424 1023 829 1088 blasphemationes
853 1022 949 1070 veri
969 1023 1021 1071 &
1043 1022 1154 1070 boni
1177 1021 1303 1078 fidei,
1322 1056 1325 1057 γ
1348 1020 1522 1069 constat
1543 1035 1600 1069 ex
1625 1019 1948 1083 significatione
1971 1018 2193 1065 Nominis
2218 1019 2345 1075 Dei,

356 1090 487 1154 quod
510 1090 563 1137 fit
586 1104 726 1137 omne
752 1089 799 1135 in
836 1088 1110 1152 complexu,
1159 1103 1254 1152 quo
1292 1086 1456 1136 colitur
1495 1087 1749 1142 Dominus,
1796 1085 1860 1133 ita
1898 1099 2038 1132 omne
2075 1099 2236 1131 verum
2277 1085 2328 1132 &

310 1200 313 1203 .
349 1156 526 1203 bonum
565 1154 690 1211 fidei,
742 1154 801 1201 de
838 1164 926 1218 qua
966 1169 1033 1201 n:
1079 1169 1226 1216 2724.
1272 1153 1416 1215 3006.
1459 1152 1621 1215 6674;
1671 1153 1722 1199 &
1758 1166 1816 1199 ex
1856 1149 2178 1214 significatione
2215 1148 2330 1196 ferre

348 1220 400 1284 in
441 1217 629 1278 vanum,
679 1217 808 1284 quod
851 1222 905 1267 fit
943 1218 1226 1283 prophanare
1247 1219 1315 1266 ³&
1361 1217 1692 1282 blasphemare:
1744 1230 1824 1280 per
1859 1216 1975 1264 ferre
2009 1214 2200 1262 Nomen
2236 1214 2326 1263 Dei

349 1285 403 1334 in
429 1295 612 1335 ‚vanum
647 1286 831 1349 proprie
870 1284 900 1333 fi
941 1285 1149 1343 nificatur
1186 1295 1366 1332 vertere
1406 1299 1566 1331 verum
1602 1283 1649 1330 in
1686 1283 1880 1340 malum,
1927 1281 2012 1329 hoc
2034 1280 2114 1338 est,
2147 1280 2327 1330 credere

354 1352 487 1416 qnod
506 1357 665 1400 verum
689 1351 762 1408 sit,
803 1351 851 1398 δι
876 1299 1018 1415 usque
1052 1352 1207 1398 vivere
1233 1351 1277 1397 in
1303 1350 1461 1405 malo;
1511 1350 1561 1398 ὅτ,
1584 1363 1772 1414 quoque
1796 1348 1859 1396 est
1883 1359 2054 1395 vertere
2078 1347 2250 1395 bonum
2275 1348 2341 1394 in.

350 1415 538 1474 'falsu-m,
573 1417 662 1464 hoc
693 1417 774 1474 est,
807 1417 962 1465 vivere
996 1416 1142 1480 sancte
1165 1418 1215 1464 δι’
1240 1418 1394 1463 tamen
1418 1431 1510 1463 non
1533 1415 1729 1471 credere,
1773 1411 2104 1478 utrumquoest
2127 1412 2324 1477 propha-

352 1483 499 1539 natio,
517 1499 545 1533 n
568 1499 578 1529 :
603 1483 727 1541 4601
754 1490 780 1536 ς’
806 1497 911 1530 nam
937 1481 1117 1530 credere
1133 1482 1197 1528 est
1215 1481 1464 1534 intelleftus
1487 1481 1538 1528 &
1561 1481 1714 1528 vivere
1736 1479 1799 1527 est
1823 1477 2084 1536 voluntatis,
2118 1494 2254 1543 quare
2274 1478 2322 1526 in

348 1548 443 1596 villis
478 1549 558 1613 qui
591 1546 782 1595 credunt
816 1548 945 1595 aliter
980 1562 1118 1610 quam
1154 1547 1334 1603 vivunt,
1380 1546 1599 1610 cogitatio
1621 1547 1671 1594 ὅτ
1696 1546 1902 1593 voluntas
1923 1540 2083 1592 divisae
2107 1545 2240 1599 sunt3
2275 1556 2334 1592 at.

350 1614 475 1679 quia.
496 1614 701 1662 voluntas
738 1614 950 1668 continue
974 1612 1124 1661 influit
1147 1614 1193 1659 in
1218 1612 1525 1669 intellectum,
1578 1626 1682 1660 nam
1706 1611 1958 1659 intellefius
1981 1609 2047 1656 est
2070 1608 2216 1657 forma
2238 1625 2323 1658 vo-

350 1679 557 1738 luntatis,
593 1678 681 1734 hoc
702 1679 782 1736 est,
818 1679 1028 1741 voluntas
1052 1679 1094 1726 se
1116 1677 1369 1727 manifestat
1388 1678 1448 1726 ibi
1469 1678 1515 1726 in
1534 1676 1648 1735 luce,
1684 1677 1791 1724 inde
1814 1678 1877 1724 est
1900 1692 2007 1723 cum
2031 1676 2175 1722 homo
2197 1676 2321 1723 aliter

355 1745 499 1793 eredit
521 1746 570 1794 δε
592 1742 716 1792 aliter
737 1745 876 1802 vivit,
908 1744 1036 1810 quod
1059 1756 1219 1792 verum
1244 1745 1295 1792 &
1318 1743 1513 1801 malum,
1547 1756 1624 1791 aut
1649 1743 1823 1790 bonum
1847 1743 1896 1790 δε
1925 1740 2103 1798 falsum,
2136 1739 2322 1804 conjunq

352 1823 536 1874 gantur,
571 1810 630 1857 ita
654 1810 730 1857 illa
752 1827 860 1874 quae
882 1812 990 1857 coeli
1014 1809 1116 1858 sunt
1139 1809 1260 1873 apud
1286 1810 1523 1858 hominem
1546 1824 1654 1858 cum
1680 1809 1732 1856 iis
1750 1823 1856 1872 quae
1879 1805 2041 1855 inferni
2061 1827 2075 1860 ;
2110 1805 2319 1867 conjunc-

348 1878 418 1925 tio
437 1877 536 1924 haec
559 1892 650 1923 non
673 1876 836 1923 resolvi
853 1875 1017 1940 potest,
1053 1877 1102 1923 δι
1126 1874 1184 1938 fic
1202 1875 1337 1924 sanari
1366 1876 1526 1933 homo,
1562 1887 1698 1938 quam
1717 1890 1797 1938 per
1819 1872 2172 1928 distraffionem,
2208 1888 2335 1936 quae.

320 1978 322 1980 -
350 1942 502 1990 secum
525 1937 664 1991 aufert
680 1952 817 1990 omne
842 1942 950 1990 vitae
973 1940 1245 2004 spirituali53
1280 1957 1418 2005 quare
1442 1940 1505 1988 illi
1532 1942 1773 1988 mittuntur
1796 1939 1841 1986 in
1861 1937 2082 1986 infernum
2102 1939 2337 1986 omniurn²

349 2006 688 2062 atrociffimum,
723 2007 802 2072 ubi
821 2007 916 2054 dire
938 2007 1224 2053 cruciantur:
1259 2006 1346 2053 hoc
1371 2005 1433 2052 est
1457 2005 1584 2071 quod
1609 2001 1879 2065 intelligitur
1902 2006 1980 2067 per
1997 2002 2189 2051 Domini
2214 2019 2315 2050 ver-

350 2074 409 2120 ba
431 2074 548 2136 apud
569 2072 849 2120 Matthaeum
885 2079 917 2102 “
938 2073 1093 2121 Omne
1119 2084 1353 2135 peccatum
1378 2073 1426 2119 &
1446 2070 1723 2134 blasphemia
1746 2069 2000 2117 remittetur
2025 2069 2335 2126 hominibus„

349 2138 533 2202 spiritus⁴
562 2154 667 2187 vero
703 2138 980 2201 blasphemia
1014 2153 1108 2184 non
1142 2139 1391 2185 remittetur
1426 2135 1722 2191 hominibus3
1778 2135 1811 2182 fi
1861 2137 1964 2199 quis
2011 2134 2177 2182 dixerit
2215 2151 2311 2182 ver-

347 2201 461 2252 bum
493 2216 646 2252 contra
680 2203 850 2251 Filium
889 2199 1106 2258 hominis,
1157 2203 1407 2251 remittetur
1438 2204 1521 2261 illi,
1557 2201 1639 2266 qui
1673 2215 1786 2256 vero
1820 2200 1988 2248 dixerit
2020 2213 2174 2246 contra
2209 2202 2312 2263 Spi-

349 2270 491 2318 ritum
520 2270 762 2326 Sanctum,
798 2284 890 2316 non
925 2270 1174 2316 remittetur
1209 2269 1274 2315 illi
1310 2284 1455 2332 neque
1480 2270 1526 2316 in
1551 2268 1639 2314 hoc
1658 2267 1820 2315 saeculo
1854 2283 2000 2331 neque
2034 2268 2080 2313 in
2111 2263 2259 2314 futuro
2280 2266 2333 2289 ”²

349 2351 470 2384 xit:
507 2340 584 2398 3¹ss
622 2351 681 2398 3²
710 2355 724 2390 ;
773 2347 823 2383 ut
856 2336 906 2382 δε
939 2348 1020 2398 per
1054 2335 1152 2386 haec
1197 2335 1318 2397 apud
1355 2334 1534 2383 Lucam
1587 2340 1622 2364 “
1654 2332 1851 2395 Qando
1885 2331 2147 2379 immundus
2186 2333 2311 2394 spiri·

350 2414 423 2448 tus
458 2402 652 2448 exiverit
684 2403 743 2448 ‘ex
775 2400 981 2457 homine,
1033 2413 1238 2463 peragrat
1288 2401 1394 2448 sicca
1444 2400 1564 2456 loca,
1618 2413 1826 2464 quaerens
1872 2397 2070 2461 requiem
2096 2418 2109 2449 ς
2165 2395 2327 2458 quam-

272 2512 274 2514 .
347 2467 382 2515 fi
418 2481 508 2513 non
548 2466 739 2524 invenit,
793 2465 926 2524 dicit,
975 2477 1169 2513 revertar
1209 2467 1256 2512 in
1295 2466 1489 2514 domum
1546 2462 1739 2520 meam,
1780 2461 1898 2512 unde
1957 2463 2151 2524 egreffus
2190 2462 2330 2520 sum„

343 2547 484 2595 quam
508 2530 541 2577 fi
563 2532 744 2580 veniens
778 2531 1000 2579 invenerit
1022 2531 1165 2595 scopis
1187 2543 1426 2594 purgatam
1462 2533 1511 2580 δε
1536 2543 1757 2585 ornatam,
1792 2542 1902 2576 tunc
1923 2528 2017 2575 abit
2040 2530 2088 2575 δε
2124 2529 2307 2576 affumit

347 2599 527 2660 septem·
545 2597 655 2644 alios
677 2597 854 2660 spiritus
876 2597 919 2643 se
940 2597 1038 2662 ipso
1060 2595 1249 2661 pejoreS,
1284 2598 1333 2643 δε
1358 2597 1537 2658 ingressi
1559 2595 1759 2642 habitant
1783 2594 1862 2650 ibi,
1896 2596 1946 2643 δε
1970 2595 2085 2642 fiunt
2107 2599 2307 2643 extrema

347 2662 549 2721 hominis
565 2659 717 2729 pejora
738 2661 898 2727 primis
915 2661 948 2682 '’
999 2679 1082 2710 xr:
1109 2678 1189 2720 24.
1217 2677 1295 2720 25.
1322 2662 1386 2709 26
1406 2683 1419 2716 3
1473 2677 1557 2726 per
1580 2661 1676 2708 haec
1714 2659 1976 2708 describitur
2006 2659 2311 2723 prophanatio
2330 2690 2334 2701 .-

307 2785 311 2787 ,
349 2728 448 2774 veri
473 2744 496 2774 a
521 2721 760 2784 Dumium
809 2742 889 2790 per
911 2727 1211 2775 immundum
1246 2727 1452 2790 spiritum
1474 2743 1580 2776 cum
1603 2726 1715 2782 exit,
1750 2726 2014 2788 intelligitur
2050 2727 2223 2787 agnitio
2258 2728 2329 2773 δε,

350 2794 466 2842 fides
489 2795 622 2847 veri5
655 2793 706 2840 ὅτ.
739 2804 826 2856 per
850 2793 1048 2841 domum
1073 2794 1214 2856 scopis
1237 2805 1491 2857 purgatam,
1532 2793 1623 2840 vita
1645 2805 1801 2840 contra
1822 2808 1961 2846 vera;
1999 2807 2079 2855 per
2110 2793 2307 2839 reditum
2328 2824 2332 2836 2

342 2857 438 2920 ejus
459 2874 564 2919 cum
589 2857 759 2921 septem
782 2856 894 2914 aliis,
926 2857 1063 2904 status
1084 2858 1451 2921 prophanationis
1472 2876 1483 2906 :
1521 2858 1620 2906 haec
1642 2857 1746 2905 sunt
1767 2873 1875 2921 quae
1903 2857 2206 2919 significantur
2229 2873 2311 2919 per
2332 2879 2335 2881 ¹

339 2923 463 2986 ferre
493 2924 658 2973 nomen
689 2923 765 2971 dei
790 2923 837 2970 in
861 2934 1062 2971 vanum:
1111 2922 1236 2988 quod
1261 2924 1346 2971 tale
1377 2924 1501 2987 apud
1534 2923 1766 2971 hominem
1791 2939 1883 2970 non
1904 2921 2038 2971 sanari
2061 2924 2211 2987 possit,
2249 2923 2334 2970 ita:

347 3006 442 3037 non
465 2990 652 3046 remitti,
686 2988 964 3050 significatur
997 2989 1137 3037 etiam
1177 3003 1257 3051 per
1293 2989 1430 3035 verba
1470 2988 1533 3035 ibi
1567 2987 1833 3036 immediate
1865 2990 2106 3053 sequentia,
2141 3004 2311 3051 nempe

342 3063 377 3086 “
398 3056 508 3105 Non
534 3055 822 3104 innocentem
854 3054 1010 3102 reddet
1035 3053 1245 3117 Jehovah
1279 3053 1408 3101 illum
1432 3054 1510 3118 qui
1532 3052 1617 3102 fert
1639 3053 1829 3102 Nomen
1862 3056 2005 3118 Ipsius
2035 3057 2080 3101 in
2100 3047 2270 3102 vanum
2293 3076 2309 3110 ς

342 3134 424 3184 per
442 3137 551 3187 quae
573 3121 844 3185 intelligitur
867 3121 993 3186 quod
1016 3120 1066 3170 id
1088 3134 1183 3171 non
1203 3118 1384 3169 remitti
1409 3122 1576 3186 poffit:
1608 3130 1828 3187 praeterea
1854 3121 1967 3185 quid
1989 3119 2316 3187 prophanatiO,
