2644 3796
639 259 977 325 CAPUT
1024 258 1505 324 DECIMUM
1548 223 1973 329 SEXTUM.
2228 277 2311 339 23

301 390 494 442 Domini
522 389 574 441 in
597 390 723 439 Vero
755 391 1109 440 accommodato
1138 390 1200 439 ad
1239 390 1654 454 apperceprionem,
1690 388 1862 438 constat
1895 405 1951 437 ex
1984 388 2308 452 significatione

299 460 475 509 Gloriae
513 458 724 520 Jehovae,
776 458 904 522 quod
946 457 1002 505 fit
1047 456 1280 521 praesentia
1322 458 1372 505 ὅτ.
1419 457 1641 506 adventus
1679 457 1893 512 Domini,
1944 456 2005 502 de.
2044 471 2136 518 qua
2180 454 2311 519 supra

300 543 364 575 n:
394 530 521 589 8427
542 547 559 582 ὅ
593 525 642 575 ὅτ
666 540 725 573 ex
747 523 1073 588 significatione
1105 524 1255 581 nubis,
1290 524 1418 588 quod
1455 523 1510 572 Iit
1544 522 1695 571 sensus
1734 522 1912 570 literalis
1935 521 2093 578 Verbi,
2131 522 2187 568 de
2221 537 2312 584 qua

303 590 500 642 Prxfata
540 591 598 642 ad
638 591 769 654 Cap:
795 606 963 639 xvulz
998 590 1178 639 Genes:
1204 592 1252 638 δι
1277 607 1512 656 11:4391.
1541 607 1685 655 5922.
1712 590 1839 654 6343
1867 589 1960 638 fin:
1987 589 2134 652 6752.
2161 590 2308 644 8106,

302 660 363 708 ita
385 659 561 706 Verum
584 657 989 706 accommodatum
1013 658 1072 705 ad
1096 658 1510 722 apperceptionem,
1544 674 1652 704 nam
1683 656 1887 704 Verbum
1920 657 1968 703 in
1991 656 2116 702 litera
2136 653 2202 701 est
2224 653 2311 702 tale

302 728 515 781 Ἑρωτος
551 737 597 772 at
619 724 780 772 Gloria
807 740 917 788 quae
948 725 996 772 in
1027 723 1165 780 nube,
1201 724 1264 773 est
1284 725 1513 771 Divinum
1537 725 1713 771 Verum
1743 723 1872 786 quod
1910 738 2000 770 non
2024 722 2099 776 »ita
2128 736 2311 768 accom-

301 793 545 844 modatum
563 790 630 839 est
652 791 710 839 ad
733 792 1148 855 apperceptionem,
1181 792 1290 854 quia
1319 789 1383 838 est
1413 790 1546 855 supra
1571 789 1781 838 sensuum
1802 787 1995 837 fallacias
2017 788 2069 838 δε
2092 802 2309 851 apparen-

301 864 400 917 tiaS‚
437 861 498 907 ita
531 857 596 906 est
633 874 820 922 quoque
855 857 1000 905 sensus
1039 858 1239 905 internus
1263 857 1424 914 Verbi,
1473 855 1671 905 Praefat:
1698 856 1753 903 ad
1778 857 1903 919 Cap:
1929 871 2064 902 xvnr
2089 873 2100 902 z
2127 853 2308 902 Genes:

301 946 362 978 n:
391 943 534 992 5922.
563 929 727 988 8427;
761 923 889 988 quod
914 924 1074 972 Gloria
1102 924 1157 972 fit
1189 922 1335 971 sensus
1359 925 1563 971 internus
1585 923 1744 980 Verbi,
1779 922 1843 970 est
1862 922 1971 986 quia
1994 923 2040 968 in
2074 921 2153 968 illo
2186 919 2310 968 sensu

300 997 451 1060 agitur
483 992 544 1040 de
566 991 767 1049 Ecclesia
800 991 851 1040 &
887 990 944 1040 de
968 992 1135 1054 Regno
1156 991 1368 1047 Domini,
1403 992 1453 1038 δε
1473 993 1521 1039 in
1550 989 1766 1054 supremo
1786 987 1910 1038 sensu
1934 989 1992 1035 de
2015 987 2119 1052 Ipso
2142 988 2310 1035 Domi·

301 1079 379 1119 no,
414 1062 462 1108 in
496 1075 594 1123 quo
632 1056 755 1106 sensu
790 1058 925 1104 etiam
965 1056 1030 1104 est
1065 1056 1330 1120 ipfiffimum
1365 1058 1594 1104 Divinum
1618 1057 1809 1104 Verum.
1879 1056 2056 1103 Verum
2080 1055 2310 1104 Divinum

300 1145 394 1177 non
428 1125 493 1175 ost
528 1127 665 1173 unius
700 1123 887 1188 gratim,
921 1122 999 1173 sed
1035 1124 1276 1187 plurimn3
1318 1124 1496 1172 Verum
1519 1124 1754 1173 Divinum
1796 1123 1841 1171 in
1882 1124 2035 1185 primo
2073 1120 2219 1182 gradu
2257 1121 2309 1168 δε

298 1189 891 1324 {ffilffssssgffiffiffff
906 1191 1605 1306 irss‘r'udnffiffidssatssssifflstss
1626 1190 1975 1321 ῗὲἓῖἒωὲῗ
2008 1187 2311 1318 ἷῇΡξῗιξιὲῖὲἒὶ

301 1329 350 1377 in
386 1327 552 1374 intimo
588 1323 666 1374 stu
703 1325 837 1373 tertio
872 1324 1012 1383 coelo,
1048 1324 1136 1372 hoc
1165 1324 1250 1373 tale
1281 1323 1363 1381 est,
1397 1337 1451 1372 ut
1485 1341 1541 1373 ne
1573 1322 1721 1372 hilum
1758 1320 1853 1387 ejus
1890 1322 1947 1371 ab
1982 1322 2168 1369 homine
2208 1324 2309 1384 capi

299 1396 467 1460 poffit3
501 1393 680 1458 Verum
702 1392 933 1446 Divinum
964 1391 1014 1440 in
1051 1391 1215 1454 quarto
1251 1391 1399 1454 gradu
1431 1390 1500 1439 est
1529 1390 1660 1455 quale
1684 1389 1747 1438 est
1770 1392 1818 1438 in
1841 1389 1996 1438 medio
2017 1388 2090 1437 seu
2114 1387 2311 1436 secundo

301 1462 443 1518 coelo,
479 1459 567 1508 hoc
603 1474 689 1507 nec
725 1457 1009 1521 intelligibile
1046 1458 1110 1505 est
1147 1457 1358 1513 homini,
1393 1458 1570 1515 Verum
1609 1470 1761 1505 autem
1793 1457 2024 1506 Divinum
2061 1458 2108 1503 in
2145 1456 2311 1519 quinto

301 1529 467 1592 gradu,
502 1525 566 1573 est
588 1524 720 1589 quale
740 1523 877 1572 estin
906 1524 1074 1572 ultimo
1105 1523 1181 1573 seu
1214 1524 1368 1588 prirno
1403 1524 1562 1581 coelo,
1597 1525 1687 1572 hoc
1710 1522 2028 1588 aliquantisper
2048 1522 2103 1570 ab
2124 1522 2311 1571 homine

301 1595 377 1643 sed
407 1592 646 1650 illustrato,
682 1592 856 1656 percipi
893 1589 1058 1654 potest,
1093 1602 1138 1639 at
1170 1590 1310 1655 usque
1345 1590 1409 1638 est
1444 1591 1550 1649 tale,
1586 1603 1639 1638 ut
1659 1591 1807 1639 multa
1829 1587 1924 1654 ejus
1947 1606 2047 1654 pars
2071 1605 2152 1653 per
2174 1604 2311 1637 voces

301 1661 520 1710 humanas
558 1660 778 1707 enuntiari
816 1669 1026 1721 nequeat,
1062 1659 1111 1706 &
1141 1673 1254 1706 oum
1293 1657 1418 1706 cadit
1455 1660 1506 1706 in
1543 1657 1682 1715 ideas,
1715 1656 1825 1706 facit
1863 1655 2122 1708 facultatem
2165 1658 2312 1719 perci·

302 1725 1020 1859 Efflefflffiffhssffiffl
1051 1725 1460 1843 Ξὲἒέἓὲἰωξ
1474 1725 1972 1856 ξῖἲὲᾆξὲἒέἓὲἳηέῗ
1993 1723 2313 1839 ἶέἰοαὲἑῖῖἒὲ

302 1862 446 1913 literae
467 1859 607 1908 Verbi
625 1882 640 1916 ;
675 1859 750 1907 hic
790 1857 936 1908 sensus
974 1857 1048 1906 seu
1083 1859 1174 1907 hoc
1206 1874 1374 1906 verum
1408 1858 1751 1924 repraesentatur
1780 1874 1864 1923 per
1894 1857 2085 1915 nubem,
2122 1857 2172 1904 δε
2195 1858 2313 1904 inte-

302 1930 420 1988 riora
449 1943 556 1975 vera
576 1943 658 1992 per
679 1926 875 1990 gloriam
898 1926 947 1973 in
972 1925 1125 1982 nube;
1160 1925 1268 1973 inde
1296 1924 1381 1983 rest,
1412 1926 1547 1990 quod
1570 1925 1798 1989 Jehovah,
1835 1926 1921 1973 hoc
1960 1923 2041 1981 est,
2078 1925 2312 1972 Dominus

303 1996 435 2045 toties
470 1995 726 2059 apparuerit
749 1991 930 2042 Moschi
961 1993 1020 2040 ,δι
1059 1992 1166 2040 filiis
1195 1991 1362 2040 Israelis
1399 1992 1447 2041 in
1484 1992 1624 2051 nube,
1659 2004 1711 2040 ut
1734 1991 1906 2040 Exod:
1934 2007 2099 2044 xxnn:
2131 2007 2205 2053 15.
2237 1992 2310 2039 16.

215 2121 221 2125 μ
304 2063 436 2126 Cap:
460 2078 559 2110 xz:
587 2077 666 2126 34.
695 2077 772 2124 35.
815 2078 836 2109 1
858 2060 995 2123 Reg:
1023 2075 1165 2108 vin:
1197 2076 1273 2109 10.
1303 2077 1378 2109 ιι.
1411 2060 1598 2109 Matth:
1621 2075 1770 2108 xxiv:
1801 2076 1882 2121 30,
1918 2059 1968 2106 δε
2000 2057 2140 2114 alibi,
2176 2073 2312 2121 appa·

304 2129 410 2176 ritio
430 2128 625 2176 Domini
648 2126 712 2175 est
733 2142 814 2191 per
834 2127 1069 2174 Divinum
1081 2126 1279 2184 Verum,
1314 2127 1364 2175 ὅτ
1386 2143 1574 2191 quoque
1595 2124 1661 2174 est
1681 2126 1912 2174 Divinum
1933 2124 2127 2173 Verum.
2164 2124 2314 2189 Qod

302 2195 444 2244 nubes
467 2195 522 2242 fit
547 2195 724 2242 Verum
747 2193 1150 2242 accommodatum
1172 2196 1529 2258 apperceptioni,
1553 2193 1617 2241 est
1632 2209 1689 2240 ex
1711 2191 2083 2257 repraesentativis
2106 2191 2152 2238 in
2178 2191 2312 2241 altera

303 2263 414 2320 vita,
450 2262 514 2309 ibi
547 2260 732 2325 loquela
766 2260 967 2324 angelica
1000 2258 1284 2324 superiorum
1325 2261 1573 2317 coelorum,
1607 2272 1794 2324 apparet
1816 2259 1905 2307 illis
1927 2259 2010 2323 qui
2041 2255 2156 2306 infra
2188 2257 2310 2315 sunt,

303 2328 417 2377 ficut
438 2329 534 2386 lux,
571 2330 621 2376 &
644 2343 831 2392 quoque
867 2327 981 2380 ficut
1017 2325 1230 2391 splendor
1261 2344 1286 2374 e
1322 2327 1457 2383 luce3
1493 2340 1539 2375 at
1571 2326 1753 2390 loquela
1785 2325 2052 2390 angelorum
2090 2323 2311 2373 inferioris

303 2396 413 2443 eoeli
450 2406 634 2460 apparet
669 2394 783 2444 ficut
813 2393 956 2441 nubes
987 2393 1196 2450 candida,
1230 2394 1278 2442 in
1300 2395 1422 2441 varia
1442 2391 1608 2451 forma,
1642 2394 1760 2441 &in
1783 2392 1999 2440 denfitate
2021 2392 2071 2440 ὅτ.
2095 2393 2311 2441 tenuitate

302 2461 552 2510 secundum
574 2461 704 2525 quale
727 2461 967 2508 veritatum
990 2479 1001 2508 ε
1036 2476 1094 2508 ex
1117 2460 1186 2507 his
1209 2460 1409 2509 constare
1432 2460 1595 2524 potest,
1630 2459 1758 2524 quod
1784 2475 1865 2523 per
1893 2458 2088 2522 gloriam
2114 2459 2310 2519 Jehovae

301 2528 445 2577 visam
466 2531 512 2576 in
535 2528 671 2585 nube,
706 2527 985 2591 significetur
1005 2526 1239 2592 praesentia
1259 2528 1453 2583 Domini
1478 2529 1525 2576 in
1541 2528 1667 2575 Vero
1687 2526 2038 2575 accommodato
2059 2525 2117 2572 ad
2148 2541 2310 2590 apper-

303 2611 355 2644 οε
389 2609 576 2644 tionem.

354 2611 518 2724 Ι8444.
556 2662 619 2710 Et
654 2661 872 2725 loquutus
892 2658 1099 2722 Jehovah
1120 2660 1177 2708 ad
1202 2659 1445 2717 Moschen,
1479 2660 1692 2717 dicendo,
1726 2659 1852 2724 quod
1884 2658 2108 2724 fignificet
2130 2660 2307 2707 Verum

301 2731 429 2794 quod
462 2747 488 2777 a
509 2729 685 2776 Divino
705 2729 900 2776 Domini
929 2726 1154 2790 procedit,
1188 2729 1234 2774 in
1258 2744 1354 2792 quo
1377 2727 1614 2792 praesentia
1633 2728 1845 2784 Domini,
1881 2725 2053 2774 constat
2083 2742 2140 2774 ex
2169 2726 2307 2790 figni-

302 2798 512 2844 ficatione
534 2795 680 2859 loqui,
713 2795 842 2858 quod
874 2794 928 2842 fit
959 2794 1230 2858 influxus&
1253 2794 1502 2851 ifistruffio,
1538 2808 1591 2842 ut
1613 2793 1746 2858 supra
1767 2811 1827 2842 n:
1859 2798 1981 2854 8441
2009 2815 2023 2848 3
2058 2810 2115 2840 ex
2139 2809 2305 2856 reprae·

302 2863 544 2912 sentatione
570 2861 788 2917 Moschis,
825 2861 951 2924 quod
974 2860 1029 2908 fit
1046 2861 1222 2908 Verum
1245 2862 1374 2926 quod
1397 2878 1423 2908 a
1445 2863 1625 2909 Divino
1651 2861 1843 2908 Domini
1872 2860 2097 2924 procedit,
2133 2860 2190 2907 de
2213 2875 2305 2923 qua

302 2929 854 2996 1³:6752.6771.6827
894 2932 1563 2994 7014.701o.7089.7382:
1598 2926 2303 2991 pnestnua130nfinihiVen22

300 2998 477 3045 Divino
499 2996 775 3062 fignificatur
798 3009 879 3058 per
910 2992 1039 3057 quod
1061 2994 1271 3054 Jehovah
1302 3011 1411 3042 cum
1438 2994 1660 3041 Moscheh
1685 2993 1901 3057 loquutus
1925 2993 1978 3040 fit
2002 3010 2026 3040 e
2047 2994 2186 3051 nube,
2221 2993 2303 3040 ubi

298 3067 394 3114 vita
411 3064 556 3128 gloria
577 3062 787 3125 Jehovae,
823 3075 927 3108 nam
952 3059 1097 3123 gloria
1119 3060 1312 3122 Jehovae
1335 3060 1399 3107 est
1421 3061 1654 3125 praesentia
1675 3062 1866 3109 Domini
1890 3061 1936 3108 in
1955 3059 2076 3107 Vero
2098 3060 2226 3124 quod
2249 3059 2305 3108 ab

301 3131 406 3198 ipso
426 3131 650 3197 procedit,
686 3145 746 3176 n:
775 3133 918 3192 8427.
1666 3177 1670 3179 Δ
1979 3155 2001 3185 3,

367 3204 514 3262 8445.
539 3195 719 3246 Audivi
735 3195 1116 3242 murmurationes
1133 3193 1335 3241 filiorum
1358 3193 1538 3252 israelis,
1553 3194 1682 3258 quod
1701 3194 1925 3259 significet
1939 3192 2068 3257 quod
2083 3191 2311 3241 ceffaturae

296 3265 594 3332 querimoniae
619 3278 726 3328 quae
748 3277 806 3311 ex
829 3262 1093 3319 tentatione,
1127 3274 1180 3309 ut
1202 3260 1335 3325 supra
1358 3278 1420 3310 n:
1449 3266 1596 3324 8428.
1626 3267 1773 3327 8433,
1810 3261 1892 3310 ubi
1913 3250 2073 3309 similia
2096 3259 2245 3309 verba.

2176 3325 2322 3387 8446.

2381 3299 2384 3301 -
2412 3256 2439 3284 O
