2684 3672
655 245 986 325 CAPUT
1034 248 1503 312 DECIMUM
1546 248 1986 314 SEXTUM:
2209 237 2299 332 45

287 387 472 442 propter
493 375 628 434 etiam
653 387 764 424 tunc
787 375 931 425 homo
954 376 1083 425 vadit
1106 378 1153 425 in
1177 376 1388 434 tenebriS,
1426 377 1471 424 in
1495 374 1661 440 quibus
1686 392 1779 424 non
1797 375 1924 424 videt
1946 377 2137 435 bonum,
2172 377 2299 426 aliter

284 455 392 493 cum
412 442 557 490 homo
579 442 766 491 ducitur
788 459 869 507 per
892 443 1086 502 bonum,
1123 457 1234 492 tunc
1257 444 1385 492 videt
1408 445 1455 491 in
1479 444 1594 505 luce.
2303 455 2307 463 ³

290 554 292 556 .
352 513 439 571 851
451 527 495 573 3.
533 509 790 574 Qousque
814 512 999 558 renuitis
1023 510 1250 558 custodire
1282 522 1511 575 praecepta
1535 525 1637 558 mea
1658 509 1855 570 &leges
1879 525 2020 567 meas,
2053 510 2182 574 quod
2206 510 2295 575 fig-

283 575 437 624 nifieet
475 577 604 640 quod
641 592 734 623 non
771 575 1020 624 secundum
1059 578 1268 625 ordinem
1300 578 1528 624 Divinum
1565 588 1763 640 agerent,
1800 576 1972 630 constat
1999 591 2058 624 ex
2079 576 2166 624 illis
2189 592 2296 640 quae

284 657 406 690 nunc
434 641 652 706 suprane
679 646 804 704 8512
830 644 1048 707 explicata
1078 643 1216 691 sunt.-
1264 643 1340 692 Ut
1374 642 1535 690 sciatur
1566 644 1682 707 quid
1711 643 1765 690 sit
1800 643 2049 691 secundum
2085 643 2296 690 ordinem

283 709 512 757 Divinum
551 724 702 774 agere,
739 710 790 757 ὅτ
813 725 906 758 non
930 710 1182 758 secundum
1207 709 1339 757 illum
1373 710 1704 774 agere,‘adhuc
1743 710 1955 764 dicetur;
1991 725 2130 756 omne
2165 710 2297 773 quod

283 775 339 823 fit
378 774 626 824 secundum
657 776 864 824 ordinem
889 777 1168 834 Divinum,->
1191 777 1279 825 hoc
1332 779 1453 824 intus
1499 789 1707 840 apertum
1741 776 1806 823 est
1844 775 1984 840 usque
2030 776 2086 823 ad
2124 776 2295 824 Domi-

285 857 418 900 num,
453 844 503 891 &
525 843 585 890 fic
625 843 670 890 in
696 842 738 890 se
758 842 904 891 -habet
940 843 1151 899 coelum,
1185 856 1232 891 at
1261 858 1400 890 omne
1436 843 1564 907 quod
1594 859 1689 891 non
1722 842 1775 890 fit
1808 842 2055 890 secundum
2083 842 2294 890 ordinem

285 909 511 961 Divinum
533 932 548 965 3
583 909 671 957 hoc
696 910 818 957 intus
839 908 903 956 est
925 908 1147 967 clausum,
1182 911 1231 956 ὅτ
1256 909 1318 956 fic
1342 925 1434 957 non
1461 913 1506 956 in
1530 909 1571 957 se
1594 909 1725 957 habet
1748 909 1958 964 coelum;
1994 908 2110 957 ordo
2145 909 2295 972 itaque

284 975 487 1023 Divinus
505 974 586 1032 est,
623 988 675 1023 ut
696 976 930 1025 Dominus
970 977 1127 1024 influat
1157 991 1239 1040 per
1271 977 1481 1023 interiora
1513 976 1711 1024 hominis
1745 977 1792 1023 in
1827 977 2050 1023 exteriora
2085 973 2198 1040 ejus,
2235 978 2295 1023 ita

231 1040 234 1041 ⁷
285 1058 366 1105 per
396 1042 679 1090 voluntatem
715 1042 912 1090 hominis
950 1044 997 1090 in
1035 1040 1130 1106 ejus
1169 1058 1330 1106 agere,
1366 1043 1453 1089 hoc
1488 1043 1542 1090 fit
1573 1058 1681 1089 cum
1707 1042 1850 1089 homo
1875 1043 1921 1089 in
1946 1042 2068 1089 bono
2089 1041 2168 1099 est,
2207 1043 2292 1090 hoc

283 1106 365 1165 cst,
400 1124 510 1156 cum
551 1109 597 1156 in
637 1108 873 1156 affectione
913 1107 1107 1156 faciendi
1147 1109 1325 1156 bonum
1361 1121 1547 1173 propter
1585 1109 1778 1166 bonum,
1814 1110 1865 1156 ὅτ
1890 1124 1979 1156 non
2006 1121 2190 1172 propter
2214 1109 2255 1156 se
2277 1132 2292 1163 ·,

284 1190 394 1223 curn
419 1175 560 1223 homo
583 1189 768 1240 propter
791 1175 832 1223 se
855 1175 901 1222 id
926 1174 1050 1233 facit,
1085 1177 1135 1224 ὅτ
1160 1191 1252 1224 non
1275 1188 1460 1240 propter
1496 1176 1689 1232 bonum,
1724 1187 1834 1222 tunc
1867 1174 2011 1222 clausa
2041 1174 2143 1222 sunt
2180 1177 2292 1223 inte·

285 1242 419 1298 riora,
453 1243 504 1290 ὅτ
529 1249 628 1290 non·
655 1243 764 1290 duci
795 1242 941 1306 potest
976 1259 1056 1306 per
1088 1243 1263 1292 coelum
1294 1259 1319 1290 a
1342 1243 1568 1300 Domino,
1604 1242 1676 1290 sed
1703 1239 1887 1289 ducitur
1908 1258 1933 1289 a
1955 1241 2030 1297 se;
2066 1257 2195 1290 amor
2216 1242 2296 1289 de-

285 1309 497 1356 terminat
520 1325 545 1356 a
577 1325 672 1373 quo
704 1309 903 1365 ducitur,
939 1325 1046 1357 narn
1079 1325 1208 1357 amor
1247 1309 1349 1356 suus
1385 1311 1742 1373 unumquemvis
1777 1309 1936 1364 ducit;
1971 1309 2052 1372 qui
2088 1320 2209 1356 amat
2250 1309 2293 1356 se

287 1390 384 1438 prae
413 1377 644 1438 proximo,
679 1377 715 1423 is
734 1375 776 1422 se
799 1376 956 1433 ducet,
990 1376 1071 1440 qui
1104 1389 1260 1425 autem
1287 1388 1408 1424 amat
1439 1375 1632 1432 bonum,
1669 1376 1846 1423 bonum
1867 1391 1974 1423 eum
2000 1375 2147 1433 ducit,
2183 1391 2292 1423 con·

288 1440 520 1505 sequenter
540 1443 773 1491 Dominus
805 1458 833 1488 a
855 1442 971 1501 Quo
1003 1442 1213 1490 bonum:
1248 1458 1305 1489 ex
1328 1442 1396 1489 his
1421 1442 1562 1488 videri
1592 1442 1755 1506 potest,
1792 1458 1899 1506 quae
1939 1440 2191 1489 differentia
2226 1442 2292 1489 est

289 1509 441 1555 vivere
480 1507 730 1556 secundum
768 1509 994 1565 ordinem,
1029 1508 1195 1556 &non
1216 1508 1643 1556 vivere-secundum
1666 1509 1825 1557 illum:
1862 1509 2103 1573 quomodo
2134 1511 2297 1556 viven-

286 1574 420 1632 dum,
455 1586 508 1621 ut
531 1575 585 1622 sit
607 1574 856 1623 secundum
880 1575 1107 1632 ordinem,
1143 1575 1279 1623 docet
1294 1575 1523 1632 Verbum,
1557 1576 1607 1624 ὅτ
1632 1575 1877 1623 ᾱοὲὶτίηεὶε
1905 1575 2011 1622 fidei
2034 1591 2090 1622 ex
2105 1575 2296 1635 Verbo-3

285 1643 368 1705 qui
391 1657 485 1689 non
508 1641 626 1690 ultra
646 1641 831 1705 speetat,
864 1657 1004 1706 quam
1038 1643 1093 1690 ad
1123 1655 1323 1699 externa,
1358 1642 1460 1690 talia
1484 1641 1704 1706 nusquam
1728 1642 1874 1705 potest
1897 1658 2068 1706 capere,
2104 1642 2178 1689 ille
2202 1659 2296 1689 non

286 1707 370 1755 scit
391 1706 504 1771 quid
527 1710 774 1766 internum,
810 1710 891 1756 vix
930 1709 1058 1773 quod
1098 1710 1326 1764 internum
1364 1709 1435 1767 fit,
1471 1711 1522 1757 ὅτ
1545 1711 1697 1757 minus
1733 1709 1860 1773 quod
1897 1711 2126 1755 internum
2162 1711 2296 1772 poffit

287 1775 465 1839 aperiri,
501 1776 551 1823 ὅτ
589 1776 716 1839 quod
752 1792 860 1824 curn
906 1788 1113 1839 apertum
1154 1776 1235 1834 est,
1270 1778 1318 1824 in
1347 1775 1428 1824 ino
1458 1777 1514 1824 fit
1546 1777 1751 1824 coelum:
1789 1775 2087 1838 intelligentes
2134 1776 2298 1822 mundi

204 1869 208 1873 -
289 1841 519 1905 imprimis
540 1842 692 1890 inhac
716 1842 886 1890 inscitia
907 1841 1025 1899 sunt,
1061 1843 1110 1890 &
1134 1845 1216 1908 qui
1239 1843 1424 1891 illorum
1459 1842 1658 1891 statuunt
1691 1844 1956 1899 internum,
1973 1842 2031 1888 de
2054 1842 2134 1889 illo
2158 1841 2308 1906 usque?

286 1907 557 1956 vel-nullam
582 1909 653 1957 vel
675 1907 846 1957 fatuam
841 1909 1035 1989 fhabent
1058 1910 1242 1967 ideam3
1290 1909 1395 1958 inde
1416 1909 1499 1966 est,
1533 1910 1661 1974 quod
1697 1910 1762 1957 illi
1802 1925 1965 1973 parum
2004 1908 2207 1965 credant,
2242 1908 2294 1956 ὅτ

290 1990 476 2088 <fimoque
495 1976 624 2039 quod
645 1974 843 2025 scientias
873 1975 971 2024 suas
1005 1977 1236 2042 applicent
1268 1977 1325 2026 ad
1366 1976 1737 2025 confirmandum
1773 1976 1901 2040 quod
1932 1976 2089 2024 omnia
2121 1987 2297 2024 naturae

328 2054 394 2091 nt·
470 2077 478 2081 <
697 2075 699 2077 ·
964 2075 966 2081 ·
1073 2086 1076 2087 γ
1270 2071 1275 2078 ’

361 2113 504 2172 8514.
540 2110 724 2168 Videte,
755 2111 882 2175 quod
905 2110 1126 2176 significet
1146 2104 1199 2159 ut
1223 2110 1461 2160 advertant
1492 2110 1543 2160 &
1579 2110 1825 2166 reflec’tant‚
1861 2108 2032 2157 constat
2063 2125 2123 2156 ex
2159 2107 2299 2172 figni-

291 2174 501 2224 ficatione
525 2177 695 2235 videre,
729 2178 857 2241 quod
892 2178 946 2226 sit
979 2179 1244 2243 intelligere,
1279 2178 1337 2227 de
1360 2194 1451 2241 qua
1473 2194 1535 2226 n:
1565 2195 1589 2228 2
1598 2196 1656 2243 3²
1665 2195 1709 2242 5.
1739 2178 1882 2242 3863.
1909 2194 2039 2241 4403
2064 2176 2123 2223 ad
2148 2193 2296 2236 4421.

294 2258 426 2305 5114
445 2265 463 2300 ·,
484 2245 602 2292 *inde
621 2244 748 2308 quod
772 2244 825 2292 fit
848 2246 1093 2308 percipere,
1129 2262 1158 2294 n
1178 2264 1191 2295 :
1221 2261 1363 2309 2150.
1390 2244 1534 2309 3764.
1558 2246 1707 2310 4567.
1733 2260 1827 2309 472
1836 2261 1880 2308 3.
1917 2260 2068 2307 5400,
2102 2244 2152 2291 &
2176 2258 2294 2306 quo·

290 2325 380 2374 que
404 2310 644 2368 refleEtere,
677 2328 707 2358 n
727 2329 738 2359 ε
764 2312 908 2375 6836.
931 2312 1074 2375 6839.

363 2382 506 2440 8515.
544 2378 668 2440 Qia
684 2377 894 2439 Jehovah
917 2378 1045 2426 dedit
1061 2379 1193 2428 vobis
1217 2377 1661 2444 sabbathum,>quod
1686 2377 1907 2443 fignificet
1931 2374 2297 2440 conjunfflonem

294 2442 403 2490 boni
425 2446 472 2491 ὅτ
499 2445 594 2492 veri
617 2461 643 2492 a
666 2447 889 2502 Domino,
926 2445 1099 2494 constat
1121 2463 1147 2494 a
1166 2445 1493 2510 fignificatione
1520 2445 1733 2502 sabbathi,
1769 2445 1895 2509 quod
1937 2443 1990 2491 s1t
2032 2441 2295 2507 conjunctio

295 2508 403 2556 boni
425 2511 475 2558 &
498 2512 612 2568 veri,
647 2511 704 2559 de
726 2528 818 2576 qua
842 2529 871 2559 n
891 2529 902 2558 :
931 2509 1059 2577 8495
1080 2535 1094 2570 3
1129 2513 1257 2577 quod
1282 2513 1336 2560 sit
1359 2530 1385 2560 a
1407 2514 1634 2570 Domino,
1669 2512 1950 2577 significatur
1972 2525 2052 2575 per
2073 2510 2201 2573 quod
2219 2511 2300 2571 Jeu

295 2576 445 2623 hovah
467 2577 610 2635 dedit,
646 2594 752 2633 nam
778 2578 987 2640 Jehovah
1010 2581 1055 2626 in
1079 2579 1238 2627 Verbo
1259 2579 1323 2626 est
1345 2581 1592 2628 Dominus.

368 2644 509 2706 8516.
549 2647 789 2708 Propterea
810 2645 883 2692 ille
907 2645 984 2693 dat
1007 2647 1140 2694 vobis
1172 2648 1219 2694 in
1255 2646 1329 2694 die
1361 2645 1486 2695 sexto
1518 2661 1680 2711 panem
1712 2644 1911 2692 duorum
1935 2643 2134 2698 dierum,
2170 2641 2299 2705 quod

293 2709 516 2772 significet
539 2711 791 2772 quodideo
811 2711 949 2776 usque
973 2713 1028 2760 ad
1065 2714 1204 2760 finem
1228 2712 1365 2765 status
1390 2716 1552 2777 prioris
1575 2724 1755 2769 tantum
1780 2710 1888 2758 boni
1913 2726 1993 2774 per
2012 2725 2174 2757 verum
2199 2710 2297 2765 det,

293 2789 346 2834 ut
369 2774 632 2839 conjunctio
653 2778 757 2825 dein
789 2779 884 2835 fiat,
920 2779 1093 2828 constat
1122 2795 1179 2826 ex
1215 2779 1541 2843 significatione
1573 2781 1663 2827 diei
1698 2777 1824 2835 sexti,
1860 2776 1988 2841 quod
2014 2777 2068 2824 sit
2090 2775 2190 2822 finis
2213 2773 2299 2822 sta-

297 2856 371 2890 tus
394 2845 573 2907 prioriS,
603 2842 795 2907 ‘de-qua
833 2861 891 2892 n:
921 2850 1040 2906 8421
1070 2868 1085 2902 ·,
1118 2862 1175 2894 ex
1198 2846 1523 2910 significatione
1562 2859 1760 2901 mannae‚
1794 2860 1904 2908 quae
1942 2843 2015 2892 hic
2052 2842 2116 2890 est
2154 2843 2301 2905 panis,

296 2909 514 2973 quodfit
545 2910 716 2958 bonum
741 2910 852 2967 veri,
888 2912 945 2958 de
974 2928 1067 2976 qua
1099 2930 1159 2961 n:
1189 2915 1329 2973 8462.
1361 2919 1524 2975 8404-,
1559 2914 1609 2961 ὅτ
1631 2928 1690 2959 ex
1723 2911 2046 2981 significatione
2082 2907 2298 2965 sabbathi,

297 2992 381 3039 pro
401 2993 497 3040 quo
519 2979 657 3024 etiam
683 2993 849 3025 manna
873 2978 945 3025 die
969 2977 1093 3027 sexto
1115 2979 1222 3040 data
1240 2980 1319 3036 est,
1356 2981 1418 3027 ita
1457 2981 1582 3045 panis
1618 2979 1819 3026 duorum
1859 2977 2058 3032 dierum,
2092 2975 2220 3038 quod
2245 2974 2302 3023 fit

295 3041 558 3106 conjunffio
596 3044 703 3092 boni
742 3046 791 3092 &
828 3046 944 3102 veri,
978 3045 1035 3092 de
1069 3061 1160 3109 qua
1198 3061 1256 3094 n:
1284 3050 1426 3110 8495.
1498 3045 1742 3094 Ostensum
1765 3044 1898 3109 supra
1919 3042 1999 3099 est,
2032 3041 2160 3106 quod
2194 3042 2303 3105 quia

296 3125 378 3173 per
411 3110 674 3158 sabbathum
710 3110 955 3175 significata
991 3111 1056 3159 est
1094 3109 1500 3176 conjunfiio-boni
1540 3114 1591 3162 ὅτ
1625 3113 1757 3168 veri3
1793 3112 1843 3158 &
1866 3125 1945 3174 per
1975 3109 2023 3156 id
2059 3108 2186 3172 quod
2226 3107 2301 3154 die

297 3175 604 3239 septimo'non
628 3180 868 3226 inventum
891 3178 943 3226 fit
967 3195 1088 3236 man,
1126 3179 1402 3243 significatur
1425 3180 1553 3244 quod
1587 3180 1746 3235 home,
1783 3193 1890 3224 cum
1915 3177 1960 3223 in
1986 3173 2303 3240 conjunctione

291 3242 374 3302 illa·
387 3244 467 3302 est,
501 3260 557 3292 ex
582 3245 703 3294 bono
723 3257 846 3311 agat,
880 3246 928 3294 ὅτ
957 3262 1050 3295 non
1082 3246 1278 3310 amplius
1306 3261 1363 3295 ex
1397 3263 1529 3304 vero,
1562 3248 1611 3296 &
1634 3260 1819 3310 quoque
1844 3242 1972 3308 quod
1996 3259 2087 3291 non
2112 3257 2168 3288 ex
2190 3255 2301 3352 vfro

935 3338 940 3343 1
1228 3325 1248 3339 2
2114 3323 2221 3370 amp
2242 3321 2313 3353 ius
