2722 3684
404 182 537 239 116
617 182 625 185 ’
804 168 1117 244 ‘'E<.X
1203 177 1306 244 ..O
1383 177 1515 250 ..D
1631 180 1749 249 ³U.
1829 177 1932 253 n'S.

394 301 583 349 randum
605 318 615 348 :
652 316 821 351 nexum
861 306 910 353 &
951 305 1314 370 purificationem
1354 308 1591 358 verorum*
1611 308 1771 358 vident
1810 311 1877 359 ἃς·
1895 310 2146 376 percipiunt
2169 313 2322 375 angeli
2345 315 2387 362 ait

403 369 612 416 Domino
636 370 748 418 clare
769 370 820 418 &
843 374 1093 431 evidenter,
1132 385 1363 436 utcunque
1387 373 1533 424 homo
1556 375 1673 423 nihil
1693 377 1777 424 tale
1811 378 1933 442 apud
1959 378 2000 426 se
2024 378 2156 428 sentit
2187 394 2267 430 aut
2289 395 2374 444 ap·

437 450 520 482 erci
562 447 608 482 it.
1966 481 1970 484 .

400 449 432 496 p
470 452 613 564 8726.
652 502 717 551 Et
740 503 868 552 dedit
891 504 990 552 illos
1013 504 1159 567 capita
1182 505 1314 570 super
1337 507 1584 572 populum,
1635 507 1777 574 quod·
1799 507 2026 571 significet
2058 510 2284 559 influxum
2325 511 2380 559 in-

401 567 474 615 illa
498 583 619 624 vera,
643 571 824 618 constat
844 587 900 618 ex
925 571 1253 633 significatione
1295 572 1494 622 virorum
1517 574 1808 632 strenuitatiS,
1849 576 1931 639 qui
1956 577 2031 624 hic
2055 577 2152 626 sunt
2175 578 2238 626 illi
2263 593 2381 642 quos

400 634 529 682 dedit
551 637 695 698 capi-ta
719 638 847 700 super
867 637 1113 702 populum,
1148 638 1391 703 quodrsint
1413 656 1519 688 vera
1551 641 1719 705 quibus
1754 641 1929 689 bonum
1964 642 2179 706 conjungi
2214 643 2382 707 potest,

401 701 457 747 de
481 718 567 763 qua
592 718 709 749 nunc
734 703 860 765 supra
895 719 955 749 n:
993 707 1157 769 87253
1207 720 1266 753 ex
1288 706 1678 769 repraesentatione
1706 706 1928 764 Moschis,
1963 710 2088 773 quod
2125 712 2180 758 sit
2201 709 2380 758 Verum

402 767 664 813 immediate
687 785 712 815 a
731 769 926 827 Divino,
960 769 1016 817 de
1040 786 1131 835 qua
1148 771 1353 835 saepius3
1405 774 1456 821 δε
1491 788 1550 820 ex
1584 772 1911 834 significatione
1945 775 2051 821 dare
2083 774 2182 822 illos
2212 776 2382 838 capita,

401 834 525 896 quod
552 833 604 880 fit
627 835 832 893 influere,
871 837 920 883 &
960 836 1019 883 sic
1057 836 1334 902 qualificare,
1385 851 1438 886 ut
1457 841 1638 888 Verum
1666 838 1929 887 immediate
1954 855 1979 887 a
2004 840 2180 887 Divino
2203 856 2284 904 per
2307 842 2385 889 illa

402 900 536 962 poffit
572 899 809 949 hominem
834 901 1046 951 Ecclefiae
1073 904 1240 952 ducere
1263 920 1343 967 per
1365 905 1557 952 bonum.
1631 904 1890 967 Qomodo
1923 921 2030 954 cum
2065 905 2136 952 his
2159 906 2200 953 se
2225 906 2380 964 habet,

400 965 596 1011 constare
622 967 768 1029 potest,
787 983 843 1015 ex
868 969 953 1016 illis
978 984 1083 1033 quae
1105 970 1229 1034 prius
1251 971 1452 1035 exposita
1475 971 1592 1028 sunt,
1626 970 1755 1035 quod
1783 985 1951 1037 nempe
1974 973 2122 1036 homo
2145 972 2227 1036 qui
2254 987 2386 1036 rege-

401 1044 582 1080 neratur
602 1034 803 1097 primum
828 1035 1016 1083 ducatur
1040 1052 1121 1099 per
1138 1038 1315 1085 Verum
1339 1036 1466 1101 quod
1490 1037 1617 1094 fidei,
1651 1049 1694 1085 at
1715 1051 1823 1084 cum
1846 1051 2141 1100 regeneratus
2157 1037 2221 1085 est
2244 1038 2385 1086 duca-

401 1109 474 1144 tur
492 1114 570 1161 per
588 1101 759 1148 bonurn
775 1101 903 1166 quod
915 1101 1169 1160 Charitatis‚
1187 1121 1215 1151 n
1231 1121 1241 1150 ε
1259 1104 1403 1167 8643.
1422 1104 1564 1163 8648.
1583 1105 1728 1167 8658.
1747 1103 1889 1164 8685.
1905 1105 2050 1167 8690.
2073 1105 2388 1169 817013quod-

403 1178 494 1225 que
518 1165 561 1212 in
583 1167 735 1230 primo
758 1167 889 1225 statu,
913 1184 1080 1232 nempe
1102 1185 1211 1218 cum
1235 1170 1416 1217 ducitur
1436 1185 1516 1233 per
1538 1185 1721 1226 verum,
1757 1167 1914 1248 &fluat
1939 1170 2174 1219 Dominus
2197 1186 2276 1234 per
2295 1171 2388 1218 Ve-

402 1246 509 1277 rum
548 1233 773 1281 Divinum
813 1234 941 1298 quod
979 1235 1244 1283 immediate
1267 1237 1325 1282 ab
1348 1235 1451 1298 Ipso
1476 1234 1699 1298 procedit,
1719 1277 1725 1282 .
1744 1242 1790 1280 at
1816 1235 1862 1282 in
1885 1237 2025 1284 altero
2047 1236 2182 1294 statu,
2218 1251 2404 1299 nempe·

311 1324 314 1335 s
403 1312 511 1343 cum
548 1299 725 1347 ducitur
757 1316 838 1364 per
861 1301 1055 1357 bonum,
1095 1302 1252 1348 influat
1280 1301 1511 1348 Dominus
1536 1317 1616 1365 per
1637 1300 1817 1347 Verum
1842 1302 1968 1365 quod
1995 1314 2087 1349 tam
2117 1302 2389 1351 immediate

400 1379 545 1426 quam
585 1366 712 1429 quod
754 1367 948 1414 mediate
986 1367 1044 1414 ab
1079 1366 1186 1430 Ipso
1224 1366 1447 1431 procedit,
1499 1384 1559 1414 n:
1593 1366 1735 1426 8685.
1763 1367 1924 1430 87or·,
1959 1368 2009 1414 δε
2031 1367 2158 1431 quod
2183 1368 2387 1416 influxus

405 1431 625 1480 mediatus
650 1448 780 1495 aeque
801 1434 851 1479 sit
874 1448 898 1478 a
922 1431 1131 1480 Domino
1147 1448 1285 1495 quam
1303 1432 1502 1481 influxus
1521 1432 1827 1488 immediatus,
1855 1450 1891 1480 .n
1913 1437 2081 1497 :8717
2105 1453 2121 1487 3
2160 1433 2258 1480 haec
2277 1436 2380 1481 sunt

405 1499 578 1559 quae—in
605 1498 691 1545 hoc
710 1499 848 1545 Versu
873 1499 919 1544 in
945 1498 1067 1546 sensu
1092 1499 1269 1546 interno
1292 1498 1637 1553 describuntur3
1687 1496 1781 1561 ipse
1819 1499 2018 1546 influxus
2043 1499 2152 1548 Veri
2185 1499 2402 1549 mediato·

407 1577 432 1607 a
464 1563 655 1621 Divin0‚
690 1565 964 1627 significatur
1001 1580 1083 1629 per
1114 1582 1165 1613 ea
1196 1565 1349 1623 verba,
1399 1565 1528 1630 quod
1552 1562 1781 1613 Moscheh
1804 1564 1934 1613 dedit
1955 1564 2058 1613 illos
2089 1565 2236 1630 capita
2255 1565 2391 1630 super:

406 1630 648 1691 populum.
1594 1643 1600 1678 ἰ
1755 1673 1759 1676 .
1810 1652 1831 1678 ε’
1874 1654 1878 1660 ·
1911 1654 1915 1657 ·
1971 1671 1974 1674 Δ
2075 1642 2076 1645 ’

475 1699 617 1760 8727.
666 1697 894 1761 Principes
931 1698 1241 1756 millenorum,
1277 1699 1502 1763 principes
1535 1709 1857 1754 centenorum,
1895 1699 2122 1763 principes
2162 1698 2389 1764 quinquaa·

407 1775 653 1822 generum,
703 1764 753 1810 &
790 1765 1016 1827 principes
1050 1766 1291 1821 decadum,
1342 1765 1485 1828 quod⁴
1506 1765 1725 1829 significet
1755 1764 1972 1827 primaria
2007 1781 2114 1812 vera
2148 1781 2255 1829 quae
2289 1765 2403 1814 sub-·

405 1826 611 1875 ordinata
647 1829 691 1875 in
728 1830 888 1877 ordine
925 1832 1160 1880 successivo
1196 1847 1305 1879 vero
1341 1831 1607 1879 immediate
1640 1847 1668 1878 a
1701 1831 1882 1877 Divino
1926 1831 2228 1895 procedenti,
2279 1847 2393 1880 con·

407 1892 492 1939 stat
526 1910 580 1941 ex
618 1895 704 1943 illis
736 1911 841 1959 quae
877 1896 1006 1961 supra
1042 1913 1102 1944 n:
1143 1900 1285 1959 8712.
1326 1901 1470 1962 8713.
1510 1901 1654 1963 8714.
1695 1899 1839 1960 8715.
1877 1899 2206 1963 87-17m8718,
2233 1901 2396 1962 8722,

409 1961 539 2007 allata
575 1961 689 2010 sunt.
870 2001 873 2004 ⁴
1569 1987 1572 1989 Δ
2003 1985 2027 1995 “·
2084 1984 2105 1988 ’·
2179 1982 2183 1986 ’
2318 1999 2320 2001 >
2404 1984 2406 1986 ·

478 2029 618 2089 8728.
657 2029 719 2076 Et
746 2029 1016 2094 judicabunt
1057 2033 1282 2096 populum
1324 2032 1370 2080 in
1408 2031 1788 2095 omnitempore,
1823 2029 1947 2095 quod
1967 2029 2193 2092 significet
2216 2029 2391 2093 depen-

409 2093 610 2142 dentiam
635 2096 741 2143 inde
765 2096 1043 2161 perpetuam,
1078 2099 1249 2147 constat
1266 2113 1323 2145 ex
1345 2098 1670 2162 significatione
1687 2095 1908 2159 judicare,
1942 2096 2065 2160 quod
2086 2096 2136 2143 fit
2152 2095 2405 2159 dispositio-

408 2175 636 2217 verorum,
672 2162 729 2208 de
752 2170 839 2226 qua
865 2155 999 2228 sup‘ra
1019 2181 1046 2211 n
1070 2182 1080 2211 ε
1110 2166 1258 2225 8685,
1298 2164 1371 2211 hic
1393 2164 1630 2228 dispositio
1653 2163 1956 2220 subordinata‚
1993 2178 2100 2224 quae
2124 2162 2188 2209 est
2223 2162 2406 2224 depom-

409 2226 596 2282 dentia·,
632 2245 738 2275 nam
764 2230 988 2294 principes
1010 2231 1088 2295 qui
1126 2230 1363 2293 judicaturi
1398 2230 1626 2295 populum
1669 2240 1792 2276 erant
1835 2229 1938 2275 loco
1961 2228 2166 2301 Moschis
2193 2227 2239 2273 in
2265 2227 2409 2276 rebus

410 2294 560 2355 parvis
582 2315 596 2348 3
634 2296 677 2341 in
706 2295 828 2342 sensu
854 2298 1032 2343 interno
1055 2298 1182 2360 quod
1206 2313 1313 2344 vera
1337 2298 1383 2344 in
1409 2296 1646 2344 succeffivo
1667 2294 1826 2341 ordine
1849 2295 1906 2341 ab
1930 2293 2217 2341 interionbus
2236 2293 2294 2340 ad
2314 2309 2396 2340 ex-

412 2359 580 2406 teriora*
596 2360 677 2409 sint
702 2360 984 2410 subordinata
1008 2364 1133 2410 Vero
1157 2363 1420 2412 immediate
1445 2379 1470 2409 a
1490 2362 1685 2417 Divino,
1721 2376 1798 2424 per
1821 2376 1926 2424 quae
1949 2361 2006 2407 fic
2042 2359 2273 2406 Dominus
2298 2375 2405 2430 me-

411 2426 530 2471 diate
555 2428 682 2489 agit3
717 2441 762 2474 at
787 2428 830 2474 in
857 2427 980 2477 sensu
1005 2429 1060 2475 ad
1086 2430 1293 2492 personas
1317 2429 1638 2484 determinato,
1674 2424 1775 2474 sunt
1793 2426 1970 2488 Angeli
1988 2426 2038 2473 δε
2055 2425 2301 2488 Angelicae
2325 2426 2397 2485 so-

411 2496 590 2538 cietates
616 2496 660 2539 in
686 2495 761 2540 tali
788 2493 1152 2542 subordinatione
1177 2496 1226 2542 &
1245 2496 1565 2558 dependentia,
1586 2509 1664 2557 per
1682 2493 1782 2542 illos
1800 2492 1924 2539 enim
1939 2492 2173 2539 Dominus
2197 2491 2398 2539 mediate

413 2571 514 2619 aget
533 2560 581 2605 δε
604 2560 718 2622 regit
737 2560 942 2609 homines
963 2581 978 2616 3
1014 2577 1174 2609 verum
1197 2561 1339 2625 usque
1362 2577 1452 2609 non
1471 2560 1572 2607 sunt
1595 2557 1767 2620 Angeli
1790 2559 1873 2622 qui
1897 2570 2078 2622 regunt,
2116 2557 2189 2604 sed
2213 2557 2402 2631 esttDo-

376 2657 379 2660 -
415 2626 563 2671 minus
587 2641 664 2687 per
684 2626 800 2682 illos,
836 2627 1037 2675 videatur
1060 2644 1086 2674 n
1109 2645 1119 2673 z
1145 2629 1288 2690 8718,
1323 2630 1467 2691 8719.
1537 2626 1678 2690 Qod
1715 2625 1828 2671 hanc
1862 2640 1956 2672 rem
1992 2623 2181 2672 ulterius
2215 2635 2402 2679 attinet,

414 2689 663 2747 sciendum,
701 2692 825 2755 quod
852 2706 989 2740 etiam
1005 2693 1216 2756 quaedam
1242 2693 1299 2740 ab
1318 2693 1422 2756 ipsis
1438 2693 1627 2754 angelis,
1664 2691 1747 2754 qui
1772 2691 1895 2754 apud
1923 2690 2162 2736 hominem
2181 2688 2299 2744 sunt,
2318 2703 2398 2734 ve·

416 2756 571 2810 niam,
608 2757 678 2804 sed
699 2774 837 2805 omne
862 2760 1035 2806 bonum
1061 2760 1115 2806 &¹
1136 2775 1295 2806 verum
1319 2773 1426 2822 quae
1450 2760 1566 2806 fiunt
1590 2757 1696 2803 fidei
1721 2757 1770 2803 ὅτ
1794 2755 2039 2812 charitatis,
2077 2755 2164 2801 hoc
2195 2752 2275 2809 est,
2313 2770 2398 2802 no-

417 2838 488 2869 vae
513 2823 622 2870 vitae
644 2825 767 2885 apud
788 2825 1043 2881 hominem,
1080 2826 1270 2871 veniunt
1294 2841 1318 2871 a
1336 2825 1546 2871 Domino
1566 2822 1680 2879 solo,
1719 2822 1856 2870 etiam
1879 2838 1958 2886 per
1975 2820 2160 2883 angelos
2183 2820 2240 2892 ab
2259 2819 2363 2881 Ipso
2380 2841 2403 2875 3.

367 2892 370 2896 '
416 2889 581 2951 pariter
604 2891 753 2937 omnis
771 2890 1019 2953 dispositio,
1054 2907 1160 2953 quae
1193 2891 1407 2939 continua
1433 2889 1514 2946 est,
1553 2889 1610 2935 ad
1635 2904 1738 2935 eum
1765 2888 1895 2937 usum
1919 2906 1930 2934 ε
1983 2902 2089 2949 quae
2112 2884 2170 2930 ab
2192 2885 2294 2958 ipfis
2315 2901 2400 2931 an-

417 2956 528 3014 gelis
550 2956 756 3013 veniunt,
793 2958 893 3004 iunt
932 2957 1047 3011 talia,
1084 2973 1191 3020 quae
1214 2959 1255 3004 se
1279 2956 1512 3004 affectioni
1552 2954 1751 3002 hominis
1776 2952 2143 3007 accommodant,
2192 2966 2244 3024 ac
2277 2966 2322 2998 in
2356 2951 2398 2998 se

419 3036 505 3065 non
534 3021 630 3068 sunt
655 3022 789 3078 bona,
837 3022 908 3069 sed
946 3026 1083 3085 usque
1120 3023 1367 3070 inserviunt
1402 3037 1485 3085 pro
1519 3020 1860 3067 introducendis
1895 3018 2024 3066 bonis
2058 3017 2108 3064 ὅτ
2143 3031 2259 3062 veris
2293 3033 2406 3080 quae

417 3102 440 3130 a
478 3087 712 3144 Domin03·
769 3090 894 3153 quod
930 3090 974 3136 in
1008 3088 1137 3136 omni
1174 3102 1381 3152 tempore
1416 3089 1470 3137 sit
1504 3088 1553 3133 in
1587 3097 1885 3150 perpetuum,
1917 3081 2091 3133 constat
2124 3081 2289 3197 absqtge
2323 3098 2403 3131 ex-

416 3152 672 3215 plicatione.
1379 3200 1382 3202 ,
2282 3163 2399 3214 729-
