2684 3672
347 277 442 336 44
701 203 1843 319 “EXODUSf

282 430 283 433 Ἴ
344 389 401 420 ex
426 373 546 420 bono
568 371 695 436 quod
720 372 960 431 charitatis,
996 374 1131 449 quod
1159 388 1322 436 nempe
1357 373 1438 436 qui
1458 372 1567 435 agit
1599 388 1656 419 ex
1679 386 1788 420 vero
1810 371 1939 450 quod
1968 373 2097 431 fidei,
2133 374 2343 431 nondum

348 442 393 487 in
419 440 575 487 ordine
599 440 707 488 coeli
731 439 813 497 fit3
852 439 923 488 sed
948 442 1028 503 qui
1061 440 1157 502 agit
1190 455 1246 486 ex
1272 439 1393 486 bono
1417 437 1543 501 quod
1582 426 1826 499 charitatis,
1862 442 1921 487 in
1930 440 2086 488 ordine
2109 442 2191 490 fit:
2229 443 2345 491 ordo

350 508 493 564 enim,
527 522 622 570 quo
642 476 824 554 ducitur
847 507 987 554 homo
1011 507 1276 562 aDomino,
1312 503 1376 551 est
1407 519 1486 568 per
1519 494 1633 553 velle
1669 476 1884 563 hominis,
1914 507 2239 577 consequenter
2268 527 2346 574 per

351 573 542 631 bonum,
568 589 672 621 nam
696 574 781 621 hoc
805 574 868 621 est
890 573 1153 629 voluntatis,
1176 583 1286 620 tunc
1309 571 1567 635 intelligere
1579 569 1675 635 ejus
1699 571 1894 629 inservit,
1914 571 2239 638 consequenter
2263 593 2342 624 ve·

295 654 298 656 ·
353 656 475 697 rum,
512 657 617 687 nam
642 640 728 688 hoc
753 637 814 686 est
837 639 1101 687 intellectus.
1173 639 1297 686 Cum
1319 638 1392 686 hic
1416 637 1553 686 status
1576 638 1656 696 est,
1692 651 1801 687 tunc
1831 638 2092 690 sabbathum
2122 640 2201 700 est,
2238 660 2344 691 nam

351 718 461 754 tunc
496 708 622 769 quies
652 707 892 763 Domino3
929 705 1001 753 ille
1042 706 1178 752 status
1213 703 1378 762 existit,
1412 720 1521 752 cum
1555 703 1848 769 conjunelum
1891 707 2063 758 bonum
2105 708 2168 756 est
2205 725 2342 758 vero:

352 773 480 836 quod
513 773 585 820 ille
620 773 755 827 status
791 772 843 819 fit
876 774 1000 836 quies
1023 772 1234 828 Domini,
1271 770 1470 820 constare
1508 772 1655 838 potest
1690 787 1747 818 ex
1785 788 1840 819 eo
1875 774 2001 837 quod
2026 774 2242 852 Jehovah
2273 777 2344 824 seu

351 840 583 888 Dominus
618 840 719 903 post
755 838 827 886 sex
863 842 1041 887 dierum
1077 840 1350 889 creationem
1381 838 1430 886 ὅτ
1463 835 1662 886 laborem
1687 838 1761 885 die
1784 837 1977 903 septimo
2001 842 2267 903 requieverit
2290 843 2348 889 ab

354 907 481 954 omni
505 922 655 969 opere,
692 906 821 953 Gen.
847 907 908 953 11;
938 922 997 955 2;
1050 905 1123 952 hic
1161 905 1296 953 status
1338 904 1402 952 est
1446 903 1582 952 status
1622 905 1749 962 coeli,
1786 906 1891 953 inde
1929 906 1993 956 est
2031 906 2158 971 quod
2198 906 2347 972 ipsum

355 973 547 1028 coelum
551 974 744 1027 dicatur
779 972 1058 1028 sabbathum,
1095 971 1200 1018 seu
1191 989 1235 1018 m
1261 974 1382 1019 coelo
1406 978 1678 1035 perpetuum
1701 971 1754 1018 fit
1777 970 2066 1022 sabbathum:
2103 975 2226 1038 quod
2266 990 2346 1039 per

353 1041 636 1095 creationem
666 1041 711 1085 in
737 1040 862 1113 Cap:
895 1052 910 1085 1
936 1038 1110 1087 Genes:
1148 1038 1423 1100 intelligatur
1445 1054 1564 1085 nova
1586 1038 1749 1086 creatio
1772 1037 1843 1086 seu
1869 1042 2159 1103 regeneratio,
2196 1043 2243 1088 ὅτ
2269 1058 2349 1105 per

353 1105 428 1152 sex
467 1107 560 1162 dies
598 1106 660 1153 ibi
685 1107 947 1153 tentationes
979 1106 1026 1152 &
1053 1121 1242 1168 pugnae,
1279 1105 1516 1152 videantur
1539 1120 1646 1169 quae
1669 1104 1728 1152 ad.
1748 1106 1872 1169 Cap:
1905 1124 1920 1154 1
1947 1109 1997 1154 ὅτ
2024 1123 2085 1202 ιι,
2122 1108 2184 1155 ibi
2206 1108 2346 1186 expli-

354 1185 465 1220 cata
474 1171 624 1230 sunt.

427 1243 566 1301 8511
603 1238 743 1293 Vers:
772 1244 897 1292 28.2
878 1255 951 1304 2.9
982 1255 1163 1303 30.31.
1217 1240 1279 1291 Et
1302 1237 1412 1284 dixit
1432 1237 1638 1300 Jehovah
1661 1237 1722 1285 ad
1734 1237 1974 1314 Moschen,
1996 1240 2199 1306 quousque
2221 1257 2346 1288 renu-

353 1308 429 1354 itis
460 1323 524 1354 c
490 1306 671 1365 stodzre
706 1316 916 1368 praecepta
956 1323 1063 1361 mea,
1113 1306 1167 1354 ἐξ
1206 1304 1331 1366 leges
1346 1320 1471 1350 meas.
1542 1304 1688 1352 Videte
1724 1306 1827 1369 quia
1845 1304 2050 1367 Jehovah
2081 1306 2195 1354 dedit
2228 1309 2357 1362 vobis¹

343 1373 622 1436 sabbathum,
651 1383 877 1434 propterea
910 1372 979 1418 ille
1006 1371 1083 1418 dat
1115 1370 1236 1419 vobis
1266 1372 1311 1417 in
1344 1369 1411 1416 die
1420 1371 1549 1447 [exto
1559 1382 1713 1432 panem
1735 1370 1910 1418 duorum
1933 1371 2125 1430 dierunt3
2135 1364 2358 1438 quiescite

354 1440 518 1504 quisque
530 1440 614 1504 ‘sub
627 1440 692 1502 se,
729 1455 778 1487 ne
801 1448 919 1485 exeat
942 1439 1155 1502 quzsquam
1179 1453 1200 1484 e
1221 1437 1309 1485 loco
1319 1438 1398 1499 suo
1423 1439 1468 1483 in
1490 1430 1556 1484 die
1566 1437 1762 1501 septimae
1796 1439 1881 1484 .Et
1903 1439 2152 1502 quieverunt
2167 1439 2352 1502 populus

355 1511 405 1553 in
428 1506 512 1553 die
504 1507 728 1569 septimo:
765 1505 819 1554 {9³
843 1515 1109 1552 vocaverunt
1132 1504 1274 1552 domus
1294 1503 1465 1566 Israelis
1497 1519 1638 1550 nomen
1661 1505 1748 1567 ejus
1770 1519 1891 1560 man,
1921 1503 1976 1552 &
1999 1504 2077 1552 hoc
2083 1505 2201 1564 scut
2212 1506 2354 1569 fimen

355 1564 570 1630 coriandri
579 1572 748 1628 album,
784 1571 838 1620 &³³
868 1573 1004 1635 sapor
1038 1573 1127 1634 ejus
1149 1570 1268 1631 ficut
1298 1569 1520 1632 placente
1544 1571 1590 1616 in
1628 1569 1755 1617 melle.
1829 1569 1894 1617 Et
1927 1569 2044 1618 dixit
2065 1568 2277 1648 Jebovah.
2294 1569 2354 1621 ad

355 1619 595 1698 Moschen,
631 1638 852 1714 significat
875 1639 1180 1701 apparentiam
1203 1637 1364 1699 Divini
1388 1628 1699 1685 obscuratam:
1733 1634 1968 1701 quousque
1992 1638 2186 1685 renuitis
2198 1635 2353 1687 custo-

341 1700 449 1752 ¹dire
488 1718 716 1768 praecepta
753 1721 869 1761 mea,
906 1705 955 1752 ὅτ
990 1704 1107 1768 leges
1146 1710 1281 1760 meas,
1325 1702 1548 1767 fignificat
1586 1714 1771 1767 propter
1804 1702 1928 1768 quod
1965 1719 2059 1751 non
2103 1700 2354 1754 secundum

352 1772 559 1836 ordinem
583 1772 809 1818 Divinum
836 1784 1048 1834 agerent.
1076 1771 1257 1827 videte,
1292 1769 1516 1833 fignificat
1538 1781 1591 1816 ut
1622 1769 1856 1828 advertant
1880 1770 1928 1817 ὅτ
1953 1769 2205 1820 ῐεὸεᾶαηῑε
2242 1774 2352 1837 quia

352 1821 571 1901 Jehovah
596 1837 720 1884 dedit
756 1837 888 1885 vobis
923 1836 1202 1914 sabbathum,
1239 1836 1461 1901 fignificat
1493 1826 1858 1901 conjunetionem
1884 1835 1991 1884 boni
2014 1837 2065 1885 ὅτ
2086 1838 2183 1885 veri
2205 1855 2233 1891 a
2251 1839 2352 1887 Do-

355 1906 510 1954 mino:
546 1916 781 1969 propterea
805 1904 885 1952 llle
907 1904 983 1952 dat
1005 1904 1171 1952 vobis
1161 1920 1207 1951 in
1231 1904 1304 1951 die
1327 1902 1450 1951 sexto
1475 1918 1641 1967 panem
1674 1900 1876 1951 duorum
1899 1903 2113 1962 dierum,
2129 1903 2355 1969 fignificat

353 1960 490 2036 quod
503 1971 606 2019 ideo
628 1970 768 2035 usque
791 1972 847 2018 ad
880 1970 1020 2018 finem
1053 1969 1189 2019 status
1214 1970 1376 2036 prioris
1398 1982 1577 2018 tantum
1601 1968 1711 2018 boni
1737 1985 1819 2034 per
1837 1985 2000 2019 verum
2034 1971 2128 2048 det,
2163 1985 2217 2024 ut
2239 1988 2350 2021 con-

345 2026 526 2106 junffio
559 2039 663 2086 dein
698 2037 806 2086 fiat:
842 2037 1051 2102 quiescite
1089 2036 1277 2102 quisque
1312 2035 1395 2084 sub
1429 2036 1490 2094 se,
1525 2034 1748 2105 fignificat
1769 2036 1934 2085 statum
1958 2038 2113 2102 pacis·
2147 2053 2204 2087 ne
2225 2051 2356 2102 exeat

355 2095 594 2182 quisquam
618 2121 642 2151 e
667 2103 771 2153 loco
793 2103 909 2152 suo
898 2121 943 2152 in
967 2104 1041 2152 die
1062 2103 1272 2168 septimo,
1308 2099 1530 2168 fignificat
1553 2100 1681 2167 quod
1706 2103 1984 2154 manendum
2005 2118 2115 2153 tunc
2139 2105 2191 2153 in
2208 2103 2320 2156 statu

354 2175 404 2223 ὅτ
427 2173 696 2249 quieverunt
717 2171 951 2248 populus
939 2187 987 2218 m
1010 2171 1082 2219 die
1106 2170 1316 2235 septimo,
1353 2170 1574 2234 fignificat
1597 2169 2010 2234 repraesentativum
2036 2184 2146 2220 tunc
2169 2171 2278 2221 boni
2297 2124 2352 2221 ἔ

353 2240 448 2297 veri
473 2240 520 2285 in
553 2237 668 2286 statu
704 2241 853 2302 pacis.
891 2239 940 2286 &
962 2250 1240 2286 vocaverunt
1263 2238 1431 2285 domus
1452 2235 1618 2285 Israelis
1643 2253 1812 2285 nomen
1842 2235 1938 2301 eius
1971 2254 2096 2296 man,
2131 2238 2359 2303 fignificat

353 2294 484 2370 quale
516 2302 610 2367 eius
643 2304 795 2368 quoad
826 2304 957 2352 illos:
996 2306 1044 2352 ὅτ
1070 2304 1156 2352 hoc
1180 2304 1292 2352 ficut
1310 2303 1466 2351 semen
1488 2303 1710 2352 coriandri
1739 2303 1916 2362 album,
1947 2304 2168 2368 fignificat
2192 2321 2353 2352 verum

355 2372 466 2420 inibi
495 2372 622 2445 quod
652 2387 853 2434 purum:
890 2371 939 2419 &
963 2369 1095 2434 super.
1125 2369 1219 2436 ejus
1249 2371 1362 2419 ficut
1393 2370 1615 2444 placentae
1652 2371 1700 2418 in
1737 2369 1886 2427 melle,
1925 2370 2144 2434 fignificat
2177 2372 2356 2420 bonurn

353 2439 480 2503 quod
495 2437 776 2503 jucundum,
813 2437 925 2486 ficut
946 2438 1075 2502 quod
1097 2454 1152 2485 ex
1177 2453 1288 2484 vero
1311 2453 1391 2500 per
1404 2434 1667 2504 Jucundum
1699 2434 1870 2484 fastum
1895 2436 2083 2485 bonum.

427 2511 567 2568 8512.
604 2505 668 2552 Et
702 2504 819 2551 dixit
843 2504 1047 2565 Jehovah
1084 2504 1140 2551 ad
1166 2503 1404 2561 Moschen,
1439 2501 1577 2567 quod
1605 2502 1828 2566 significet
1863 2506 2166 2568 apparentiam
2193 2472 2357 2553 Divini

354 2571 654 2627 obscuratam,
691 2570 862 2618 constat
900 2586 956 2617 ex
979 2570 1300 2634 fignificatione
1323 2569 1441 2618 dixit
1464 2568 1688 2631 Jehovah,
1726 2568 1852 2633 quod
1882 2570 2088 2618 involvat
2113 2570 2353 2635 sequentia,

355 2639 428 2688 hic
451 2638 576 2702 quod
603 2653 694 2684 non
724 2631 998 2684 custodirent
1021 2649 1247 2713 praecepta
1268 2637 1318 2685 ὅτ
1343 2636 1482 2699 leges,
1517 2637 1576 2683 ita
1608 2636 1735 2700 quod
1773 2638 2030 2700 apparentia
2048 2637 2210 2684 Divi-ni
2231 2639 2354 2702 apud

356 2706 457 2753 illos
481 2703 823 2759 obscuraretur3
862 2703 947 2749 hoc
971 2705 1092 2750 enim
1117 2704 1170 2750 fit
1195 2719 1304 2750 cum
1329 2719 1418 2749 non
1445 2703 1616 2749 vivitur
1647 2700 1894 2752 secundum
1917 2714 2145 2768 praecepta
2167 2706 2356 2759 Divina,

358 2789 467 2826 cum
500 2773 622 2818 enim
645 2771 817 2817 vivitur
849 2768 1098 2817 secundum
1128 2769 1228 2828 illa,
1263 2782 1374 2817 tunc
1399 2770 1569 2816 vivitur
1601 2768 1849 2816 secundum
1875 2770 2086 2818 ordinem
2108 2764 2353 2827 Divinum,

358 2855 463 2886 nam
489 2849 712 2902 praecepta
736 2837 906 2883 Divina
939 2834 1041 2883 sunt
1075 2852 1177 2883 vera
1205 2835 1255 2883 ὅτ
1290 2835 1407 2883 bona
1436 2851 1542 2899 quae
1577 2851 1634 2883 ex
1664 2836 1859 2891 ordine3
1893 2838 1942 2884 ὅτ
1966 2853 2074 2884 eum
2090 2838 2270 2884 vivitur
2290 2835 2352 2884 st.-

358 2906 564 2952 cundum
604 2904 828 2960 ordinem,
864 2914 973 2950 tunc
1014 2903 1187 2959 vivitur
1225 2903 1273 2949 in
1311 2902 1536 2959 Domino,
1573 2918 1678 2950 nam
1703 2903 1934 2958 Dominus
1971 2902 2039 2949 est
2068 2892 2164 2966 Ipse
2206 2902 2348 2950 ordo:

357 2972 462 3019 inde
494 2971 708 3034 sequitur,
743 2969 870 3034 quod
905 2970 986 3032 qui
1026 2985 1118 3017 non
1155 2970 1275 3027 vivit
1314 2967 1560 3016 secundum
1600 2982 1837 3034 praecepta
1866 2968 1915 3017 ὅτ
1947 2968 2087 3032 legoe,
2122 2985 2228 3032 quse
2253 2969 2371 3017 sunt·

358 3038 526 3085 ordinis
549 3038 854 3094 Divini,‘non
893 3038 1021 3082 vivat
1058 3037 1104 3083 in
1128 3036 1359 3093 Domino,
1389 3034 1708 3099 consequenter
1744 3034 1874 3099 quod
1913 3046 2022 3083 tunc
2060 3036 2182 3098 apud
2221 3036 2351 3083 illum

357 3103 615 3152 obscuretur
638 3105 880 3151 Divinum.
952 3103 1038 3150 Per
1076 3103 1230 3150 vivere
1269 3101 1516 3149 secundum
1535 3101 1779 3158 -ordinem,
1815 3101 1888 3148 hic
1912 3100 2177 3165 intelligitur
2199 3103 2307 3150 duci
2331 3119 2356 3148 a

358 3172 565 3218 Domino
587 3186 668 3233 per
698 3170 891 3225 bonum,
927 3180 973 3216 at
996 3184 1075 3232 per
1098 3170 1249 3216 vivere
1274 3168 1483 3216 nondum
1502 3166 1753 3220 secundum
1778 3166 2005 3226 ordinem,
2039 3167 2103 3215 est
2136 3167 2244 3215 duci
2276 3184 2358 3232 per

354 3252 550 3294 verum3
600 3237 649 3286 &
686 3251 795 3284 cum
837 3236 1022 3291 ducitur
1060 3234 1205 3286 homo
1242 3251 1323 3300 per
1360 3250 1541 3294 verum,
1584 3234 1819 3320 Dominus
1857 3250 1949 3283 non
1989 3245 2208 3301 apparet3
2245 3249 2358 3299 qua-

1391 3333 1393 3336 .
2167 3315 2363 3367 propter
