2722 3684
435 162 569 225 410
788 139 956 206 'E
1063 141 1368 208 'Xzo
1512 141 1805 208 D2U
1943 142 2008 208 S.

438 277 585 324 terrae,
619 264 887 316 feriabimini
920 267 1082 316 festum
1109 268 1306 328 Jehovae
1340 267 1507 330 septem
1542 266 1685 315 dies”
1733 267 1902 315 Levit·
1938 283 2103 316 xxm.
2115 278 2219 333 '.39
2267 270 2417 331 Quia

444 348 524 398 per
549 336 636 380 hoe
659 334 846 383 Festum
882 334 1158 397 fignificatur
1180 334 1327 381 cultus
1352 333 1550 381 Domini
1583 348 1639 380 ex
1673 343 1801 396 grato
1834 333 1990 381 animo
2016 346 2200 397 propter
2224 333 2414 407 implan-

447 401 668 448 tationem
694 400 820 456 boni,
855 400 904 447 &
926 401 982 446 fic
1000 415 1182 463 propter
1206 399 1446 461 plenariam
1472 398 1782 446 liberationem
1807 414 1831 445 a
1853 398 2162 456 damnatione,
2210 415 2415 462 primurn

450 463 526 512 hic
547 465 858 528 explicabitur,
894 467 1004 529 quid
1031 466 1082 511 fit
1107 464 1393 537 implantatio
1417 464 1558 510 boni:
1599 463 1720 526 prius
1742 465 1896 527 paffirn
1923 463 2145 512 ostensum
2169 466 2248 520 est,
2283 467 2418 529 quod

449 529 631 578 homini
658 532 742 578 fint
761 532 891 578 binae
903 531 1119 577 facultates
1140 532 1269 585 vitae,
1306 545 1468 592 nempe
1496 528 1754 581 Intellectus
1778 530 1825 576 ὅτ
1849 530 2084 586 Voluntas,
2118 532 2168 578 ὅτ
2185 532 2309 593 quod
2336 532 2412 579 In-

449 596 658 644 tellectus
680 599 850 643 dicatus
874 598 923 644 sit
953 596 1197 671 receptioni
1231 595 1345 653 veri,
1381 611 1429 641 ac
1453 595 1674 642 Voluntas
1697 594 1841 642 dicata
1868 596 2108 658 receptioni
2135 597 2275 650 boni3
2315 597 2418 645 sunt.

443 664 571 708 enim
597 664 715 718 bina,
751 662 806 708 ad
830 677 938 724 quae
963 661 1117 708 omnia
1142 660 1188 707 in
1210 660 1417 707 universo
1441 673 1536 708 tam
1555 660 1693 707 Coelo
1720 675 1859 722 quam
1897 661 2098 719 Mundo,
2133 662 2175 708 se
2200 662 2413 719 referunt,

450 742 617 789 nempe
635 728 805 773 Verum
831 728 879 774 &
895 727 1107 780 Bonum3
1145 725 1246 772 inde
1271 727 1408 773 etiam
1432 739 1575 788 patet,
1610 725 1735 788 quod
1763 726 1863 772 bina
1889 726 1961 772 illa
1985 726 2145 773 faciant
2166 729 2304 790 vitam
2329 728 2412 775 ho·

454 795 608 847 minis,
641 794 692 839 ὅτ
708 793 832 855 quod
855 794 1000 839 vitam
1026 791 1119 852 ejus
1140 806 1305 838 novam
1322 792 1500 839 Verum
1525 790 1628 840 fidei
1655 793 1702 839 ὅτ
1718 790 1898 838 Bonum
1918 791 2192 848 Charitatis,
2215 793 2263 840 &
2287 794 2416 856 quod

448 857 531 904 nifi
555 870 800 921 utrumque
824 858 1143 920 implantatum
1180 856 1318 904 fuerit
1359 857 1555 913 homini,
1589 873 1679 905 non
1700 858 1740 903 ei
1775 856 1866 903 vita
1897 871 2015 904 nova
2056 857 2138 904 fit:
2175 849 2417 920 quomodo

448 937 610 969 verum
628 924 753 986 quod
780 923 886 970 fidei
910 922 1203 970 inseminatur
1225 923 1274 970 ὅτ
1300 922 1591 986 implantatur
1613 921 1808 978 homini,
1834 933 2003 973 notum
2029 922 2126 968 est
2116 939 2162 970 ιη
2183 922 2382 970 Ecclefia
2403 945 2419 978 3

448 987 523 1034 sed
550 989 755 1035 nondum
778 989 906 1045 bene,
940 988 1182 1052 quomodo
1203 988 1378 1036 bonum
1403 989 1526 1052 quod
1551 987 1806 1035 charitatis:
1827 987 2004 1044 homo,
2038 1003 2143 1035 cum
2171 988 2314 1036 infans
2336 989 2418 1046 est,

444 1052 605 1126 recipit
621 1067 727 1101 tunc
750 1054 964 1102 bonuma
982 1055 1204 1110 Domino,
1239 1055 1362 1128 quod
1389 1056 1563 1102 bonum
1586 1053 1650 1101 est
1674 1053 1882 1100 bonum
1873 1055 2160 1111 mnocentiae,
2198 1055 2328 1117 quale
2352 1055 2414 1102 est

444 1116 725 1173 infantibus3
762 1120 848 1168 hoc
876 1121 1049 1168 bonum
1083 1119 1223 1168 facit
1214 1119 1547 1168 initiamentum
1573 1134 1706 1167 novae
1729 1117 1972 1166 voluntatis
1999 1120 2119 1182 apud
2152 1120 2410 1187 hominem,

448 1184 501 1231 ὅτ
525 1183 682 1232 crescit
705 1185 965 1233 succedente
999 1197 1132 1232 aetate
1173 1184 1419 1233 secundum
1456 1186 1593 1232 vitam
1628 1184 1899 1232 innocentia-2
1937 1199 2043 1231 cum
2085 1176 2323 1242 sodalibus,
2356 1201 2409 1232 ac

442 1248 693 1298 secundum
728 1251 870 1299 vitam
907 1251 1142 1325 probitatis
1174 1251 1221 1298 &
1257 1250 1532 1310 obedientiae
1568 1265 1674 1312 erga
1710 1262 1910 1313 parentes
1942 1250 1993 1297 ὅτ
2028 1251 2279 1310 magistros,
2335 1251 2411 1298 sed

442 1315 550 1379 plus
573 1317 695 1379 apud
719 1316 818 1364 illos
840 1316 919 1380 qui
947 1316 1095 1390 postea
1131 1316 1172 1363 se
1208 1316 1449 1378 regenerari
1490 1316 1762 1379 patiuntur,
1748 1336 1758 1347 ·
1798 1315 1886 1362 hoc
1919 1315 2142 1378 praevidet
2180 1316 2412 1364 Dominus
2479 1342 2480 1345 =

445 1382 498 1429 ὅτ
523 1380 763 1428 secundum
788 1381 951 1430 statum
970 1382 1078 1430 vitae
1102 1382 1321 1445 sequentis
1346 1383 1573 1445 providet,
1609 1397 1713 1429 nam
1739 1381 2002 1428 Dominus
1992 1397 2035 1428 in
2052 1381 2180 1428 omni
2201 1383 2411 1444 praesenti

445 1446 670 1510 praevidet
705 1447 875 1495 malum
895 1447 945 1495 ὅτ
969 1447 1182 1510 providet
1206 1448 1393 1505 bonum,
1430 1450 1477 1493 ὅτ
1504 1448 1592 1496 hoc
1614 1463 1637 1494 a
1661 1447 1811 1510 primo
1843 1445 2030 1494 stamine
2055 1446 2163 1495 vitae
2173 1447 2337 1512 usque
2372 1448 2418 1494 in

444 1524 694 1561 aeternum:
731 1512 881 1576 postea
903 1528 1007 1560 cum
1047 1513 1191 1560 homo
1214 1513 1444 1571 adolescit,
1481 1529 1532 1561 ac
1564 1513 1724 1576 incipit
1762 1513 1963 1573 cogitare
2002 1526 2059 1559 ex
2098 1509 2176 1569 se,
2195 1526 2417 1575 quantum

442 1589 555 1625 tunc
576 1577 775 1626 aufertur
793 1593 817 1625 a
835 1577 1046 1642 jucundis
1062 1594 1272 1626 amorum
1297 1580 1360 1626 fui
1383 1596 1434 1628 ac
1457 1579 1636 1634 mundi,
1675 1590 1848 1626 tantum
1875 1593 2046 1625 novum
2065 1577 2175 1625 illud
2203 1579 2412 1626 volunta.-

441 1643 563 1691 rium
587 1643 693 1691 seu
681 1643 1017 1693 initiamentum
1050 1659 1185 1692 novae
1223 1645 1466 1693 voluntatis
1507 1644 1760 1699 clauditur,
1797 1645 1847 1692 ὅτ
1869 1654 2092 1707 quantum
2120 1659 2212 1690 non
2235 1645 2293 1691 ab
2319 1644 2410 1692 illis
2458 1664 2465 1671 ’

436 1707 648 1769 jucundis
670 1708 883 1767 aufertur,
918 1721 1095 1758 tanturn
1116 1709 1230 1757 illud
1250 1710 1463 1772 aperitur,
1486 1712 1536 1758 ὅτ
1552 1725 1734 1785 quoque
1754 1709 1993 1773 perficitur.
2063 1709 2151 1755 Sed
2171 1711 2412 1773 quomodo

442 1774 491 1821 id
514 1774 756 1836 perficitur,
793 1776 1282 1850 perimplantationem·
1296 1776 1408 1832 veri,
1444 1781 1566 1824 nunc
1600 1773 1806 1830 dicetur3
1857 1789 2028 1821 novum
2064 1775 2176 1821 illud
2210 1775 2418 1824 volunta-

442 1839 581 1896 rium,
615 1841 741 1904 quod
761 1841 824 1888 est
843 1857 898 1888 ex
918 1841 1068 1890 bono*
1059 1842 1346 1899 innocentiae,
1361 1842 1425 1889 est
1444 1841 1751 1889 habitaculum
1775 1855 1853 1906 per
1873 1840 1999 1904 quod
2016 1840 2247 1888 Dominus
2271 1842 2409 1890 intrat

441 1905 563 1968 apud
583 1905 837 1964 hominem,
874 1907 922 1955 &
945 1908 1108 1957 excitat
1141 1908 1376 1955 hominem
1413 1908 1468 1954 ad
1488 1907 1605 1954 velle
1629 1909 1821 1963 bonum,
1857 1906 1906 1953 ὅτ
1930 1920 1986 1952 ex
2011 1905 2124 1952 velle
2151 1904 2291 1953 facere
2334 1907 2415 1954 bo

441 1986 589 2026 num3
614 1971 648 2018 is
667 1970 866 2020 influxus
883 1984 1058 2020 tantum
1077 1985 1287 2035 operatur
1305 1973 1437 2035 apud.
1445 1973 1700 2028 hominem,
1724 1983 1944 2036 quantum
1967 1971 2003 2018 is
2019 1968 2186 2027 desistit
2203 1988 2228 2018 a
2249 1972 2411 2020 malis·
2399 1994 2415 2028 3

441 2036 550 2084 inde
569 2036 611 2083 ei
632 2037 819 2085 facultas
837 2037 1019 2095 sciendi,
1043 2038 1397 2101 appercipiendi‚
1424 2038 1696 2093 ιεΗεέὶεῐιάῐ,
1720 2054 1767 2085 ac
1793 2035 2080 2098 intelligendi
2096 2051 2205 2084 vera
2225 2038 2273 2085 ὅτ
2295 2037 2412 2086 bona

436 2102 632 2150 moralia
655 2103 705 2151 ὅτ
728 2103 878 2151 civilia
903 2103 1148 2153 secundum
1175 2102 1430 2166 jucundum
1451 2104 1588 2158 usus3
1625 2103 1775 2166 postea
1801 2103 1950 2151 influit
1978 2101 2210 2151 Dominus
2234 2118 2313 2166 per
2335 2104 2416 2150 bo-

444 2178 559 2215 num
585 2167 726 2215 illud
717 2185 760 2214 in
789 2184 893 2216 vera
910 2168 1132 2216 doctrinae
1167 2168 1393 2244 Ecclesiae,
1429 2185 1535 2233 quae
1558 2170 1681 2232 apud
1707 2169 1959 2224 hominem,
2011 2169 2061 2217 &
2099 2183 2157 2215 ex
2194 2170 2414 2217 memoria

440 2246 599 2282 evocat
623 2233 725 2280 talia
749 2250 853 2297 quae
877 2234 1129 2284 inserviunt
1142 2236 1237 2282 usui
1266 2235 1392 2290 vitae,
1429 2237 1478 2283 ὅτ
1502 2235 1600 2282 haec
1634 2235 1880 2298 implantat
1917 2234 2055 2289 bono,
2090 2249 2138 2280 ac
2162 2234 2335 2298 perficit
2359 2235 2414 2281 il·

442 2298 556 2353 lud3
592 2299 697 2346 inde
722 2300 785 2346 est
808 2300 933 2363 quod
970 2301 1145 2349 bonum
1169 2300 1290 2364 apud
1315 2300 1551 2349 hominem
1580 2302 1756 2363 prorlus
1777 2301 1829 2347 fit
1853 2299 2095 2347 secundum
2121 2304 2248 2346 ulum
2273 2300 2417 2355 vitae3

441 2363 474 2410 fi
494 2363 593 2412 usus
611 2363 721 2413 vitae
743 2380 830 2428 pro
849 2367 1059 2428 proximo
1081 2366 1161 2425 est,
1199 2366 1285 2414 hoc
1314 2366 1393 2423 est,
1431 2382 1514 2428 pro
1555 2367 1677 2413 bono
1711 2365 1930 2419 concivis,
1969 2362 2141 2427 patriae,
2181 2365 2416 2422 Ecclefiae‚

442 2429 582 2485 Coeli,
617 2446 668 2481 ac
693 2445 775 2493 pro
801 2431 1028 2488 Domino,
1064 2445 1169 2480 tunc
1193 2433 1363 2480 bonum
1389 2431 1501 2479 illud
1526 2431 1587 2478 est
1613 2432 1788 2479 bonum
1805 2430 2062 2483 charitatis3
2099 2442 2143 2477 at
2167 2430 2198 2477 fi
2217 2432 2320 2478 usus
2343 2432 2410 2478 vi-

440 2507 503 2543 tae
520 2495 582 2541 est
606 2494 751 2543 solum
779 2511 862 2559 pro
889 2496 928 2542 se
947 2499 996 2544 ὅτ
1019 2513 1102 2560 pro
1128 2497 1320 2553 mund0‚
1358 2509 1465 2544 tunc
1488 2497 1711 2545 clauditur
1732 2497 1777 2545 id
1803 2496 2136 2543 initiamentum
2173 2511 2307 2543 novae
2332 2512 2413 2545 vo-

439 2559 634 2617 luntatis,
669 2576 722 2609 ac
745 2562 870 2609 infra
882 2561 994 2609 illud
1021 2562 1240 2611 formatur
1262 2563 1571 2612 voluntarium
1597 2579 1655 2610 ex
1680 2562 1809 2611 malis
1831 2577 2038 2610 amorum
2063 2561 2126 2611 sui
2152 2561 2201 2608 ὅτ
2229 2563 2411 2621 mundi,

437 2640 488 2672 ac
506 2625 609 2673 inde
627 2626 922 2675 intellectuale
947 2644 972 2674 a
994 2627 1142 2683 falfis3
1178 2630 1265 2677 hoc
1302 2628 1608 2676 voluntarium
1646 2627 1709 2674 est
1731 2627 1929 2681 clausum
1962 2627 2115 2689 supra
2109 2627 2177 2678 ὅτ
2201 2640 2408 2690 apertum

438 2689 568 2747 infra,
606 2691 690 2739 hoc
710 2692 789 2748 est,
825 2692 1023 2741 clausum
1061 2695 1118 2743 ad
1152 2696 1326 2743 coelum
1361 2695 1411 2742 &
1445 2707 1650 2757 apertum
1684 2693 1739 2740 ad
1778 2693 2040 2741 mundum·
2073 2706 2146 2740 ex
2164 2692 2232 2739 his
2269 2705 2407 2755 patet,

440 2756 686 2829 quomodo
707 2769 810 2804 vera
843 2758 1168 2834 implantantur
1204 2762 1342 2815 bono,
1377 2760 1427 2807 &
1451 2759 1646 2808 formant
1670 2758 1817 2813 illud3
1855 2770 1953 2806 tum
1976 2764 2173 2822 quoque
2185 2757 2321 2820 quod
2333 2758 2414 2804 ho-

438 2835 520 2870 mo
542 2837 651 2870 cum
675 2838 721 2869 in
745 2824 868 2871 bono
893 2824 970 2879 est,
1010 2826 1097 2873 fit
1087 2842 1131 2872 in
1157 2826 1277 2874 coelo
1294 2825 1415 2889 apud
1438 2826 1714 2880 Dominum,
1750 2840 1877 2880 nam,
1910 2835 1970 2871 ut
1976 2823 2136 2886 supra
2129 2824 2303 2871 dictum
2328 2823 2419 2880 est,

439 2902 558 2936 nova
593 2884 814 2944 voluntas,
849 2890 928 2936 ubi
963 2891 1139 2940 bonum
1165 2892 1402 2946 charitatis,
1437 2889 1501 2936 est
1525 2890 1825 2939 habitaculum
1854 2890 2063 2944 Domini,
2104 2888 2294 2951 proinde
2315 2903 2412 2936 coe-

439 2951 543 3000 lum
567 2953 688 3016 apud
723 2954 996 3010 hominem-3
1047 2958 1097 3005 ὅτ
1120 2973 1294 3006 novum
1328 2955 1629 3005 intellectuale-
1668 2957 1772 3004 inde
1811 2955 1874 3003 est
1913 2954 2033 3018 quafi
2070 2953 2412 3015 tabernaculum

440 3032 519 3078 per
546 3019 670 3083 quod
695 3019 904 3067 introitus
928 3022 978 3068 ὅτ
1000 3024 1181 3072 exitus:
1207 3022 1367 3071 Talia
1358 3039 1401 3070 in
1425 3021 1662 3072 communi
1681 3022 1758 3071 ὅτ
1750 3038 1792 3074 m
1817 3019 2069 3088 particulari
2095 3018 2407 3083 repraesentata

436 3081 541 3134 funt
559 3099 640 3149 per
663 3084 749 3138 hoc
769 3083 954 3147 festum,
987 3089 1114 3153 quod
1132 3088 1301 3142 festum
1324 3085 1620 3159 collectionis
1638 3088 1875 3140 frustuum
1908 3097 2052 3150 terrae,
2084 3085 2135 3137 ὅτ
2158 3083 2418 3200 Γείὶιέιὲῃιὲζ
