2722 3684
374 228 457 288 86
775 221 1790 307 ·EXODUS.

369 350 626 409 collaudati
655 354 749 421 fint
773 353 834 416 a'b
858 355 1074 427 Angelis.
1134 355 1379 422 *Aderant
1412 367 1526 408 tunc
1562 354 1744 409 eruditi
1782 374 1840 407 ex
1877 353 2033 426 nostra
2056 354 2240 420 tellure,
2278 356 2365 428 qui

374 429 685 482 intellec‘luale
705 434 851 500 suum
888 430 1216 501 immerserant
1254 429 1472 482 terminis
1492 429 1886 500 scientificorum,
1930 431 1987 484 89³
2015 430 2213 485 multum
2251 431 2361 484 liti-

370 516 620 575 gaverunt
663 504 718 558 de
747 504 934 572 forma,
974 504 1029 556 de
1047 503 1338 574 fitbsta'ntia,
1385 502 1441 555 de
1477 503 1740 567 materiali,
1786 504 1843 557 δέ
1869 522 1958 557 non
1994 504 2257 569 materiali,
2301 506 2363 559 ⁴&

378 578 434 630 de
450 578 706 648 stmilzbus,
748 599 806 631 ac
831 579 955 631 talia
990 578 1057 630 ad
1078 577 1256 629 nullum
1279 577 1408 647 usum
1433 577 1797 648 applicuerunt3
1840 578 1894 632 hi
1917 578 2157 651 nequidem
2182 590 2368 654 reprae-

362 652 680 725 sentationem
708 653 841 706 illam
868 651 1263 723 comprehendere—
1272 661 1548 722 potuerunt.

462 729 527 780 86
538 747 562 797 3
575 745 622 780 2.
661 728 907 798 Loquutus
927 727 1042 798 sitm
1085 745 1189 779 cum
1208 725 1472 797 spiritibus
1512 725 1642 778 illius
1677 724 1864 780 telluris
1900 725 1957 780 de
1980 728 2205 792 Domino,
2234 730 2373 802 'quod'

381 802 503 854 nulli
526 801 701 853 malum
718 801 912 871 jaciat,
953 801 1107 855 minus
1131 799 1253 872 quod
1272 799 1474 873 aliquem
1500 801 1681 873 puniat
1701 826 1717 865 3
1745 801 1959 873 spiritus
1981 801 2073 866 illi,
2098 802 2214 873 quia
2238 804 2368 856 inter

296 892 304 895 ¹
361 874 674 947 stmpliciores
707 887 864 939 erant,
906 874 986 928 hoc
1013 875 1231 947 primum
1268 893 1356 928 non
1392 875 1645 928 voluerunt
1678 874 1951 940 admittere,
1995 875 2232 929 credentes
2254 877 2376 949 quod

382 970 416 1002 a
441 948 648 1001 Domino
675 961 833 1021 paenae
851 970 867 1001 .·
902 949 999 1020 sed
1037 968 1142 1003 cum
1180 948 1279 1002 illis
1315 948 1496 1003 diotum
1533 948 1610 1022 est,
1654 949 1776 1023 quod
1795 950 1978 1022 Angeli
2013 950 2217 1014 illorum,
2263 970 2369 1004 cum

383 1022 516 1095 apud
553 1022 779 1079 hominem
808 1024 919 1095 suae
967 1023 1152 1078 telluris
1179 1022 1319 1095 sunt,
1369 1042 1460 1077 non
1501 1025 1744 1096 castigent,
1790 1045 1848 1079 ne
1890 1023 2076 1097 quidem
2117 1025 2372 1097 loquantur

383 1100 518 1161 dure,
560 1097 656 1169 st’d
685 1098 806 1171 quod
822 1163 825 1166 .
830 1098 977 1166 solum
1004 1098 1297 1170 permittant
1322 1098 1587 1171 spiritibus
1612 1099 1937 1171 punitoribus,
1978 1099 2063 1172 qui
2096 1099 2242 1153 etiam
2277 1099 2370 1153 ad-

365 1173 504 1243 ficnt,
544 1185 599 1224 ut
637 1172 694 1224 id
708 1173 955 1243 faciant3
999 1174 1055 1227 ὅς’
1081 1191 1186 1225 cum
1210 1173 1392 1243 Angeli
1426 1192 1516 1226 non
1551 1173 1805 1245 castigant,
1851 1192 1898 1227 eo
1935 1174 2088 1228 minus
2111 1173 2368 1242 Dominus,

381 1247 482 1317 Qu·
519 1246 579 1314 est
614 1246 763 1319 ipsum
788 1249 988 1311 Bonum,
1040 1246 1097 1301 &
1137 1247 1237 1316 Qi
1272 1247 1405 1317 regit
1428 1247 1637 1318 Angelos
1651 1266 1671 1299 .-
1721 1247 1802 1300 his·
1836 1246 2019 1301 auditis
2060 1248 2369 1319 agnoscebant

381 1323 442 1375 &
478 1320 784 1392 affirmabant
820 1340 931 1375 voce
966 1320 1235 1392 manifesta,
1279 1319 1405 1391 quod
1423 1320 1664 1382 Dominus
1703 1321 1883 1375 nullum
1909 1321 2108 1392 puniat,
2153 1323 2211 1375 ἔθ’
2248 1323 2369 1387 nulli

380 1396 558 1450 malum
576 1395 770 1466 faciat,
815 1415 873 1448 ne
908 1394 1092 1468 quidem
1130 1393 1200 1447 ad
1226 1394 1429 1467 aliquem
1468 1393 1587 1448 dure
1630 1396 1865 1467 loquatur.
1942 1396 2029 1449 De
2048 1395 2267 1467 Angelis,
2311 1398 2370 1450 δεῖ

381 1469 439 1523 de
457 1468 723 1541 spiritibus
746 1467 1054 1542 punitoribus
1076 1466 1210 1542 apud
1239 1468 1418 1524 incolas.
1440 1469 1606 1544 Jovis,
1646 1468 1880 1524 videatur
1916 1491 1950 1526 n
1967 1491 1983 1523 .·
2010 1470 2173 1544 7802.
2203 1470 2367 1543 7803.

424 1544 546 1612 804.
615 1543 682 1597 80
726 1583 736 1596 .
807 1543 834 1596 8
848 1562 930 1599 10.

379 1565 414 1618 7
460 1617 528 1671 86
534 1560 620 1689 3}
659 1560 799 1690 {uo}
835 1618 996 1673 vitam
1039 1615 1228 1675 illorum
1271 1616 1325 1672 in
1362 1617 1531 1672 tellure
1565 1617 1654 1673 illa
1680 1629 1832 1691 porro
1868 1619 2062 1685 attinet,
2112 1619 2368 1689 instrublus

365 1694 480 1764 stim
519 1713 552 1745 a
576 1691 836 1765 spiritibus
863 1693 1068 1758 illorum,
1110 1692 1231 1766 quod
1243 1693 1377 1764 ficut
1413 1712 1502 1747 non
1519 1693 1814 1764 stientzfica,
1854 1694 1933 1748 ita
1970 1714 2055 1748 nec
2077 1694 2368 1765 artificialia

378 1777 564 1821 curent.
642 1764 764 1821 Tum
803 1767 925 1840 quod
956 1786 1045 1821 non
1080 1767 1285 1823 habeant
1308 1768 1459 1839 festos
1498 1767 1614 1833 dies,
1642 1767 1737 1842 Jed
1773 1768 1975 1841 quolibet
1999 1788 2152 1833 mane,
2190 1769 2370 1824 oriente

363 1842 482 1913 sole,
521 1842 578 1894 &³
603 1841 811 1914 qualibet
834 1842 1031 1915 vespera
1054 1840 1286 1896 occidente
1301 1842 1407 1911 sole,
1449 1842 1627 1895 cultum
1644 1842 1874 1914 sanceium
1899 1843 2049 1898 Unico
2072 1844 2280 1898 Domino
2316 1845 2373 1897 in·

381 1918 601 1970 tentoriis
610 1915 719 1987 suis
743 1915 964 1981 habeant,
1012 1918 1069 1972 ἔθ’
1100 1916 1220 1990 quod
1243 1927 1358 1971 tunc
1381 1935 1552 1990 quoque
1570 1916 1792 2045 {ffillant-
1837 1929 1839 1931 ’
2040 1982 2041 1985 ¹

460 1990 620 2061 8634.
659 1991 962 2046 Continuatio
1005 1992 1062 2047 de
1087 1991 1256 2050 Incolis
1294 1992 1351 2048 &
1389 1991 1572 2064 spiriti
1601 1991 1877 2048 usselluris
1912 1993 2077 2067 Jovis,
2111 1992 2197 2061 ‘ad
2211 1992 2371 2062 finem

381 2064 568 2137 Capitis
585 2065 842 2139 fiquentis,

1678 2191 1682 2198 x

2029 3186 2206 3278 Ebc-0
2227 3223 2289 3279 D
2313 3224 2359 3294 t
