2722 3684
404 174 534 256 508
768 171 915 236 -E
1047 172 1129 244 X
1261 170 1317 236 O
1459 173 1534 237 D
1675 171 1747 236 U
1848 170 1944 236 ·S.

396 306 534 347 terra,
559 291 656 352 sede
678 291 723 338 in
731 291 916 352 silentia,
939 293 1000 341 ’ὅτ
1026 291 1141 342 intra
1166 294 1210 341 in
1237 293 1457 349 tenebras,
1492 292 1584 340 filia
1615 291 1972 342 Chaldaeorum:
2021 291 2134 340 dicit
2169 290 2215 339 in
2239 291 2375 340 corde

397 360 494 414 suo,
529 374 607 406 non
621 357 765 420 sedebo
788 357 971 405 vidua'’
1007 374 1190 406 xrv11:
1224 377 1264 407 1.
1292 374 1338 420 5.
1363 363 1422 409 8:
1459 358 1669 406 fimiliter
1700 360 1826 415 alibi,
1861 372 1911 407 ut
1936 358 2080 421 sedere
2108 361 2154 407 in
2176 358 2377 415 tenebris,

398 424 503 471 Esai
526 441 536 470 t
562 438 681 473 xmt
706 440 715 468 ε
745 438 787 485 7.
813 423 958 487 fidere
976 426 1020 471 in
1043 424 1240 484 consilio,
1290 426 1340 472 δε
1362 423 1507 486 sedere
1527 424 1800 486 solitariu5”
1840 425 1951 485 Jer:
1977 438 2070 472 xv:
2105 440 2158 487 ¹7
2181 442 2207 485 :-
2229 424 2377 488 fidere

396 489 458 536 ad
484 490 674 538 dextram
698 490 747 538 &
770 488 830 536 ad
843 489 1097 549 finistram”
1148 489 1329 537 Matth:
1355 505 1478 538 xxx:
1507 506 1586 546 20,
1624 505 1707 550 pro
1731 506 1910 538 manere
1938 489 1983 536 in
2008 490 2124 537 flatu
2149 492 2374 552 potentiae

396 560 527 618 super
561 555 701 603 alios:
738 554 884 602 Sedere
915 570 943 600 a
977 554 1140 603 dextris
1172 556 1368 617 potemiae
1401 557 1488 604 Dei
1503 555 1533 578 '⁹
1586 555 1770 603 Matth:
1794 571 1953 604 xxvu
1990 555 2068 617 63.
2092 558 2171 614 64.
2211 555 2369 603 Marc:

397 636 522 670 xvi:
557 637 630 687 19,
669 620 744 668 ubi
769 622 824 668 de
851 620 1095 675 Dominw,
1142 635 1227 685 pro
1260 621 1432 669 Divina
1464 621 1798 684 omnipotentia
1833 621 2119 685 permansura
2155 620 2200 668 in
2239 624 2387 669 aeterss‘

398 703 528 735 num.
1100 734 1103 737 s
1995 719 1998 721 -
2383 720 2386 723 ,

467 768 561 815 942
570 769 614 814 3.
653 752 814 799 Donec
849 763 1139 810 revertamur,
1186 752 1314 817 quod
1350 752 1574 815 fignificet
1608 752 1750 816 usque
1783 752 1840 799 ad
1876 750 2156 815 responsum,
2199 749 2373 804 constat

396 832 451 864 ex
487 817 812 877 significatione
848 819 1028 876 reverti,
1062 818 1187 882 quod
1224 819 1276 867 sit
1312 819 1591 882 responsum,
1628 834 1738 867 narn
1770 833 1878 865 cum
1914 833 1994 881 per
2025 817 2170 864 sedere
2196 817 2243 864 in
2266 816 2371 872 hoc,

398 883 672 945 fignificatur
697 897 877 930 manere
901 883 947 930 in
986 884 1064 931 illo
1089 885 1220 940 statu,
1257 901 1317 933 n:
1344 900 1438 946 942
1453 901 1492 941 z,
1531 900 1611 947 per
1644 885 1810 933 reverti
1844 882 2122 946 fignificatur
2155 881 2369 945 quod‘in-

396 948 593 997 struendi
618 948 731 1008 quid
757 961 865 995 tunc
888 947 1161 1006 faciendum,
1205 949 1263 998 ita
1287 950 1560 1012 responsum.

462 1029 609 1078 9424·
646 1013 714 1061 Et
733 1028 835 1061 ecce
871 1013 1060 1063 Aharon
1084 1015 1133 1062 &
1157 1015 1283 1064 Chur
1305 1015 1556 1073 vobiscum,
1592 1015 1723 1080 quod
1746 1015 1968 1077 significet
1989 1011 2242 1061 doetrinam
2273 1012 2369 1061 veri

395 1092 454 1127 ex
479 1079 635 1127 Verbo
653 1078 746 1135 tali,
782 1079 962 1127 constat
979 1096 1004 1127 a
1021 1081 1409 1145 repraelentatione
1434 1080 1679 1137 Aharonis,
1714 1081 1841 1144 quod
1867 1081 1919 1128 sit
1942 1080 2146 1128 Verbum
2170 1080 2217 1126 in
2242 1077 2377 1129 sensu.

395 1158 599 1201 externo,
637 1145 684 1192 &
705 1160 893 1210 quoque
916 1145 1123 1193 doarina
1147 1146 1253 1194 boni
1277 1148 1327 1194 ὅτ
1351 1147 1462 1202 veri,
1497 1147 1555 1194 de
1580 1163 1670 1210 qua
1694 1161 1752 1194 n:
1779 1147 1925 1209 6998.
1950 1159 2089 1207 7009.
2114 1147 2257 1207 7089,
2294 1143 2368 1191 hic

395 1210 603 1258 doctrina
620 1210 715 1258 veri
732 1226 790 1258 ex
812 1210 906 1258 solo
925 1210 1004 1258 illo
1020 1211 1172 1259 sensu:
1211 1212 1319 1275 quia
1345 1227 1423 1275 per
1448 1211 1652 1268 seniores,
1689 1212 1855 1274 quibus
1880 1211 2071 1258 Ahar-on
2098 1210 2209 1256 infra
2233 1222 2368 1258 mon-i

395 1287 493 1324 tem
519 1289 707 1340 praeerat
729 1289 779 1324 ut
801 1287 955 1339 caput,
993 1276 1300 1338 significantur
1334 1277 1417 1341 qui
1455 1278 1500 1324 in
1537 1276 1662 1324 sensu
1696 1277 1835 1324 Verbi
1872 1289 2076 1331 externe,
2117 1291 2172 1321 n:
2198 1288 2323 1338 9421
2350 1296 2366 1330 ς

395 1343 447 1391 &
464 1356 522 1388 ex
545 1341 937 1404 repraesentatione
960 1341 1140 1398 ChuriS,
1172 1358 1280 1391 cum
1301 1342 1560 1408 adjungitur
1577 1342 1802 1397 Aharoni,
1838 1341 1963 1405 quod
1991 1341 2040 1388 fit
2064 1350 2221 1388 verum
2248 1339 2366 1388 illius

395 1406 634 1464 dostrfflae,
671 1418 719 1454 ut
788 1421 942 1469 uoque
975 1406 1122 1466 Chur,
1166 1408 1354 1473 quando
1386 1425 1479 1458 una
1517 1423 1622 1455 cum
1660 1407 1877 1455 Aharone
1915 1405 2173 1453 sustentavit
2210 1420 2368 1453 manus

398 1471 621 1529 Moschis,
660 1471 764 1520 Exo
813 1487 967 1521 :xvn
993 1489 1007 1520 ε
1037 1487 1112 1522 10.
1144 1491 1224 1536 13,
1260 1489 1315 1521 n:
1345 1476 1487 1536 8603.
1513 1475 1677 1527 8611·,
1728 1475 1850 1521 Vera
1874 1473 1996 1519 enim
2021 1487 2078 1519 ex
2101 1470 2272 1526 Verbo,
2307 1486 2366 1518 ex
2444 1491 2450 1495 -

394 1536 562 1601 quibus
586 1536 806 1595 doetrina,
842 1537 1083 1586 sustentant
1114 1540 1342 1595 Verbum,
1377 1539 1502 1603 quod
1527 1554 1606 1603 per
1639 1537 1862 1587 Moscheh
1893 1549 2002 1584 tunc
2025 1536 2369 1600 repraesentaba-

395 1617 482 1651 tur.
554 1603 787 1667 Hicquia
810 1602 976 1655 iterum
1000 1600 1134 1652 datur
1166 1604 1307 1661 locuS,
1344 1606 1494 1670 paucis
1516 1605 1707 1661 dicetur,
1742 1604 1982 1667 quomodo
2014 1603 2057 1649 se
2095 1602 2228 1653 habet
2249 1616 2362 1653 cum

396 1667 712 1716 sustentatione
736 1669 876 1717 Verbi
914 1684 972 1717 ex
1002 1670 1227 1719 Doftrina
1261 1686 1371 1735 quae
1401 1687 1460 1719 ex
1494 1671 1688 1723 Verbo;
1734 1671 1814 1733 qui
1840 1684 1929 1716 non
1957 1668 2035 1715 scit
2056 1683 2208 1715 arcana
2231 1668 2362 1725 coeli,
2435 1699 2440 1702 -

395 1749 488 1782 non
506 1733 631 1782 aliter
651 1734 828 1782 credere
850 1735 1013 1798 potest,
1049 1751 1186 1798 quam
1210 1737 1337 1800 quod
1360 1736 1566 1784 Verbum
1588 1734 1753 1799 absque
1778 1734 1994 1783 Doftrina
2017 1732 2359 1780 inde‘sustente-

395 1810 466 1848 tur
486 1820 501 1854 3
535 1810 668 1864 putat
690 1799 814 1848 enim
835 1800 959 1865 quod
983 1801 1195 1849 Verbum
1220 1802 1264 1850 in
1287 1803 1413 1850 litera
1436 1802 1508 1852 seu
1526 1801 1665 1849 Verbi
1689 1800 1833 1848 sensus
1858 1798 2037 1848 literalis
2058 1799 2111 1850 fit
2136 1797 2228 1861 ipsa
2244 1797 2362 1845 doc·

394 1865 527 1920 trina,
565 1865 638 1914 sed
663 1864 894 1916 sciendum
913 1865 994 1923 est,
1014 1867 1148 1930 ‘quod
1170 1868 1320 1915 omnis
1336 1867 1540 1916 doftrina
1564 1866 1778 1914 Ecclefiae
1795 1866 1879 1914 erit
1890 1881 1951 1914 ex
1970 1865 2142 1916 Verbo,
2166 1863 2361 1927 &quod

396 1929 603 1990 domina
626 1930 804 1979 aliunde
826 1928 966 1996 quam
1002 1948 1059 1979 ex
1081 1933 1258 1990 Verbo,
1294 1949 1384 1982 non
1409 1933 1461 1981 {it
1484 1932 1687 1982 dostrina
1720 1931 1766 1979 in
1803 1946 1892 1996 qua
1925 1930 2099 1994 aliquid
2126 1929 2361 1986 Ecclesiae,

398 1996 548 2044 minus
570 1996 741 2059 aliquid
764 1997 873 2045 coeli
899 1997 1010 2044 inest
1033 2017 1048 2052 ς
1085 1997 1156 2045 sed
1177 1999 1399 2048 DotStrina
1421 1997 1677 2059 colligenda
1700 1997 1763 2045 est
1785 2013 1843 2044 ex
1866 1997 2042 2053 Verbi),
2070 1997 2118 2043 ὅτ
2141 2010 2247 2042 cum
2271 1995 2364 2042 col·

397 2060 556 2123 ligitur
581 2062 723 2110 homo
748 2062 792 2110 in
817 2062 1110 2112 illustratione
1133 2064 1216 2111 erit
1237 2081 1262 2113 a
1284 2063 1505 2120 Domino,
1539 2065 1591 2111 &
1629 2065 1676 2111 in
1700 2061 1990 2111 illustratione
2021 2061 2084 2110 est
2112 2076 2223 2108 cum
2243 2062 2291 2107 in
2313 2075 2360 2107 a·
2423 2064 2427 2066 “

398 2141 526 2175 more
551 2127 647 2175 veri
672 2139 857 2191 propter
880 2144 1061 2186 verum,
1097 2129 1146 2176 &
1172 2145 1262 2179 non
1288 2142 1473 2195 propter
1497 2128 1537 2177 se
1561 2129 1610 2177 ὅτ.
1634 2128 1858 2178 mundum
1879 2145 1892 2175 :
1930 2127 1992 2175 illi
2028 2126 2128 2176 sunt
2156 2127 2232 2191 qui
2257 2125 2363 2173 illu-

395 2190 590 2240 strantur
612 2192 659 2240 in
682 2194 839 2241 Verbo
860 2209 967 2242 cum
991 2194 1153 2256 legunt
1171 2194 1298 2253 illud,
1332 2198 1382 2244 δε
1405 2210 1565 2244 verum
1588 2194 1766 2252 vident,
1800 2195 1851 2244 &
1866 2193 2122 2243 doctrinam
2147 2191 2253 2240 inde
2277 2190 2358 2239 fibi

397 2251 598 2307 faciunt:
639 2258 765 2307 causa
785 2258 912 2323 quod
937 2259 997 2308 ita
1020 2259 1090 2317 fit,
1124 2259 1203 2317 est,
1236 2264 1344 2326 quia
1367 2261 1475 2309 tales
1495 2263 1838 2308 communicant
1859 2275 1966 2307 cum
1999 2257 2136 2314 coelo,
2166 2259 2229 2307 ita
2251 2272 2359 2304 cum

399 2322 626 2382 Domine,
662 2324 713 2372 &
736 2324 795 2372 fic
811 2340 835 2372 a
862 2324 1071 2374 Domino
1095 2325 1297 2375 illustrati
1320 2327 1549 2376 ducuntur
1570 2326 1627 2373 ad
1645 2325 1897 2373 videndum
1921 2339 2025 2372 vera
2048 2323 2187 2372 Verbi
2206 2321 2359 2385 qualia
2379 2337 2382 2340 ’

397 2387 502 2437 sunt
526 2389 571 2436 in
593 2390 729 2448 coe10,
766 2389 914 2444 influit
934 2393 1055 2439 enim
1082 2392 1312 2441 Dominus
1335 2408 1415 2455 per
1435 2392 1602 2440 coelum
1629 2390 1675 2439 in
1709 2390 2192 2445 intelleAEtum‘eorum,
2227 2387 2361 2440 intel-

397 2454 539 2503 lestus
554 2456 677 2510 enim
696 2455 884 2504 >interior
915 2457 1112 2505 hominis
1143 2457 1208 2505 est
1229 2458 1306 2523 qui
1330 2458 1609 2512 illustratum
1658 2458 1708 2505 &
1744 2457 1977 2506 Dominus
2002 2453 2133 2502 fimul
2158 2466 2267 2503 tunc
2288 2453 2360 2500 in·
2414 2508 2419 2512 ,

397 2518 502 2568 fluit
523 2535 628 2568 cum
646 2521 755 2578 fide,
790 2521 941 2571 media
963 2523 1280 2586 cooperatione
1303 2539 1439 2579 novae
1461 2523 1718 2580 voluntatis,
1742 2521 1946 2583 cujus-est
1961 2522 2079 2572 affici
2097 2535 2207 2567 vero
2222 2534 2362 2582 prop-

398 2594 468 2634 ter
490 2599 650 2634 verum
672 2604 684 2635 ε
719 2602 776 2634 ex
799 2586 868 2634 his
892 2603 1009 2637 nunc
1030 2588 1230 2638 constare
1253 2589 1418 2654 potest,
1452 2589 1691 2654 quomodo
1715 2587 1939 2637 DoCtrina
1962 2586 2055 2636 'veri
2078 2586 2127 2635 &
2150 2584 2259 2633 boni
2280 2584 2368 2635 dan

397 2661 471 2698 tur
493 2649 715 2699 hominia
734 2653 960 2702 Domine.
1011 2654 1172 2719 ‘Qod
1196 2655 1295 2704 haec
1319 2656 1541 2708 Doe‘trina
1564 2654 1773 2704 sustentet
1786 2653 1988 2702 Verbum
2007 2651 2156 2716 quoad
2184 2649 2359 2698 sensum
2446 2710 2449 2711 ⁷

398 2714 496 2776 ejus
517 2715 733 2766 literalem
758 2718 830 2766 seu
852 2729 1108 2777 externum,
1143 2733 1268 2784 patet
1300 2720 1525 2777 unicuivis
1558 2721 1638 2785 qui
1673 2719 1908 2784 expendit,
1941 2718 2131 2782 quisque
2163 2716 2286 2764 enim
2311 2715 2383 2767 in-

401 2781 616 2839 Ecclefia,
649 2783 729 2846 qui
752 2799 809 2831 ex
831 2785 1050 2836 Destrina
1073 2787 1247 2850 cogitat
1269 2786 1395 2834 videt
1416 2801 1522 2834 vera
1541 2787 1601 2834 ‘in
1627 2785 1782 2833 Verbo
1812 2799 1870 2832 ex
1894 2784 1970 2833 sua*
1991 2783 2196 2833 doetrina
2229 2782 2362 2834 &st-

398 2847 600 2895 cundum
623 2862 741 2905 eam,
775 2850 824 2896 &
847 2865 954 2913 quae
986 2866 1094 2899 cum
1113 2867 1164 2900 ea
1186 2867 1278 2901 non
1294 2852 1573 2908 coincidunt,
1608 2851 1821 2915 explicat,
1857 2852 1919 2899 ὅτι
1938 2858 2284 2915 ᾳυεε-,αρραῐεηῑ
2315 2847 2361 2899 ei

400 2913 626 2975 opposita,
661 2913 811 2963 transit
834 2917 957 2978 quafi
981 2932 1072 2965 non
1097 2917 1253 2965 videns
1274 2929 1351 2966 aut
1374 2934 1464 2967 non
1488 2918 1745 2982 intelligens
1765 2938 1780 2972 ·,
1813 2915 1943 2981 quod
1966 2913 2168 2967 similiter
2198 2926 2378 2965 omne&

402 2977 580 3034 faciant,
599 2979 735 3028 etiam
754 2979 971 3038 haeretici,
1007 2994 1167 3033 notum
1189 2983 1283 3031 est:
1318 2996 1362 3033 at
1384 2985 1465 3048 qui
1490 2984 1535 3032 in
1557 2982 1751 3047 genuina
1773 2982 1996 3030 DoChina
2011 2982 2105 3030 veri
2122 2995 2177 3030 ex
2198 2977 2356 3031 Verbo

401 3042 521 3100 sunt,
556 3045 604 3091 &
630 3046 674 3094 in
698 3045 985 3095 illustratione
1007 3062 1112 3095 cum
1135 3049 1294 3112 legunt
1316 3050 1537 3107 Verbum,
1572 3048 1638 3097 illi
1657 3049 1820 3096 vident
1844 3063 1948 3096 vera
1965 3044 2281 3096 concordantia
2302 3057 2354 3091 u—

401 3108 537 3168 bivis,
570 3111 620 3161 &
637 3113 814 3176 prorius
828 3111 944 3163 nihil
963 3126 1216 3177 repugnans
1235 3135 1250 3171 ;
1283 3130 1375 3166 non
1397 3115 1526 3165 enirn
1545 3115 1719 3165 haerent
1741 3114 1788 3164 in
1810 3114 1972 3163 talibus
1995 3112 2056 3160 ibi
2080 3126 2190 3176 quae
2211 3108 2361 3223 sedeun-

1742 3214 1750 3220 .
2274 3190 2354 3223 um
