2722 3684
468 205 471 211 .
544 148 938 218 CAPUT
990 140 2115 228 DECIMUMNONUM.
2249 163 2373 230 143

468 287 617 338 3795.¹
650 271 877 327 Dicend0‚
911 283 1069 318 cavete
1093 269 1221 316 vobis
1245 267 1482 315 ascendere
1506 267 1551 314 in
1593 278 1818 321 montem,
1853 267 1979 329 quod
2006 269 2225 328 fignificet
2248 269 2373 332 quod

400 341 592 394 omnino
614 333 705 384 non
728 337 786 394 ad
810 337 1038 384 societates
1061 333 1265 383 coelestes
1282 334 1360 398 qui
1388 333 1432 380 in
1456 347 1608 380 amore
1630 332 1754 393 boni,
1772 331 1945 378 constat
1965 347 2022 377 ex
2048 333 2370 395 significatione

396 401 641 458 ascendere,
674 402 799 466 quod
843 402 895 448 fit
935 402 992 449 ad
1035 396 1261 447 Divinum
1299 401 1424 463 quod
1464 401 1510 446 in
1534 397 1657 445 coelo
1702 396 1954 460 superiori3
2005 397 2054 444 &
2078 414 2133 443 ex
2158 399 2372 461 significa-

399 471 527 517 tione
561 472 745 523 montis,
776 467 908 530 quod
944 468 996 515 s1t
1033 467 1207 513 bonurn
1241 466 1406 513 amoris
1441 465 1521 520 ibi,
1557 465 1614 511 de
1648 479 1832 525 quan:
1870 477 2016 521 4210.
2053 463 2197 524 6435.
2225 469 2371 527 8327.

409 536 537 594 8758
563 550 572 578 :
607 535 847 597 quomodo
868 548 971 580 cum
998 532 1067 578 his
1092 531 1134 579 se
1158 532 1307 588 habet,
1342 530 1514 579 constat
1537 546 1592 577 ex
1616 529 1704 576 illis
1720 545 1825 593 quae
1844 542 1962 575 nunc
1982 527 2113 592 supra
2137 544 2163 574 n
2185 546 2196 575 :
2225 530 2369 592 8794,

397 598 622 661 explicata
647 602 763 645 sunt.

466 664 609 726 8796.
649 664 715 711 Et
740 677 925 725 tangere
946 665 1278 712 extremitatem
1302 661 1412 726 ejus,
1451 660 1578 726 quod
1604 659 1823 723 significet
1859 659 1983 723 quod
2010 674 2064 705 ne
2094 659 2282 722 quidem
2315 664 2372 707 ad

399 728 686 785 intermedia,
724 729 895 778 constat
917 746 974 777 ex
995 729 1322 793 significatione
1346 726 1660 784 extremitatiS,
1685 726 1810 788 quod
1836 726 1921 772 fint
1946 726 2229 781 intermedia,
2266 742 2372 775 nam

311 849 320 852 N
406 795 628 857 Regnum
652 795 831 843 coeleste
851 795 1059 850 Domini,
1093 795 1219 855 quod
1244 795 1309 841 est
1333 794 1549 840 intimum
1578 793 1651 838 seu
1675 791 1858 838 tertium
1883 790 2071 845 coelum,
2106 790 2370 841 distincium

400 860 466 907 est
489 877 514 906 a
537 855 704 925 Regno
741 861 973 923 spirituali,
1025 861 1151 923 quod
1175 860 1238 906 est
1264 859 1507 905 secundum
1533 858 1603 903 seu
1631 857 1835 903 medium
1869 855 2064 912 coelum,
2120 872 2198 919 per
2236 857 2371 905 inter-

393 926 560 983 media,
597 941 678 989 per
701 918 800 972 fraec
819 925 965 972 influit
984 925 1200 987 Regnum
1224 923 1406 971 coeleste
1426 924 1475 969 in
1492 924 1705 982 Regnum
1732 918 1975 983 spirituale,
2012 937 2101 967 non
2127 937 2279 971 autem
2303 927 2368 972 vi-

392 992 553 1047 ciffim,
588 1006 693 1037 nam
711 991 862 1038 omnis
883 989 1079 1037 influxus
1099 990 1149 1038 fit
1169 1006 1248 1053 per
1271 988 1540 1037 intermedia
1562 990 1618 1034 ab
1642 986 1926 1034 interioribus
1942 986 1995 1033 ad
2015 988 2252 1045 exteriora,
2278 1006 2370 1039 non

394 1069 544 1104 autem
569 1058 626 1103 ab
642 1055 957 1112 exterioribus,
981 1055 1036 1102 ad
1059 1057 1282 1110 interiora,
1304 1071 1361 1102 n:
1389 1069 1532 1116 5259-
1559 1068 1705 1116 5779,
1725 1067 1782 1099 ex
1804 1053 1968 1117 quibus
1992 1065 2128 1116 patet,
2153 1056 2279 1117 quod
2299 1057 2368 1103 in-

392 1120 612 1169 termedia
629 1121 715 1169 sint
733 1122 1034 1169 extremitates
1056 1144 1070 1176 3
1106 1122 1155 1168 ὅτ,
1179 1121 1305 1185 quod
1322 1120 1387 1167 illi
1411 1120 1488 1184 qui
1508 1134 1533 1165 e
1552 1118 1771 1182 spirituali
1790 1132 1932 1178 regno
1951 1120 2066 1174 sunt,
2106 1134 2160 1165 ne
2178 1121 2368 1184 quidem

390 1187 450 1234 ad
474 1187 646 1250 primos
677 1187 892 1235 terminos
924 1187 1033 1234 boni
1058 1187 1214 1249 Regni
1235 1186 1426 1234 coelestis
1451 1187 1708 1248 pertingere
1734 1186 1912 1247 poffint,
1960 1201 2019 1231 n:
2048 1189 2190 1246 2718.
2219 1189 2278 1248 38
2287 1205 2366 1250 33.

396 1253 540 1313 6500.
568 1256 715 1315 8521,
751 1252 856 1299 inde
878 1252 957 1309 est,
982 1252 1105 1316 quod
1133 1269 1212 1316 per
1232 1264 1384 1299 cavete
1408 1263 1591 1313 tangere
1615 1251 1947 1297 extremitatem
1974 1251 2156 1307 montiS,
2198 1252 2368 1313 fignifi-

398 1330 540 1374 cetur‚
576 1320 701 1382 quod
729 1334 820 1365 non
845 1319 1046 1365 extensio
1068 1318 1151 1368 erit
1173 1318 1227 1365 ad
1253 1317 1479 1365 societates
1518 1315 1719 1364 coelestes
1753 1331 1859 1380 quae
1894 1316 1938 1362 in
1974 1331 2130 1362 amore
2156 1316 2282 1375 boni,
2318 1323 2367 1368 δε

392 1397 451 1431 ne
475 1383 660 1446 quidem
685 1385 749 1430 ad'
766 1383 1048 1431 intermedia.

466 1451 610 1512 8797.
649 1450 815 1497 Omnis
839 1461 1028 1510 tangens
1061 1461 1267 1496 montem
1294 1448 1530 1495 moriendo
1554 1447 1789 1503 morietur,
1841 1446 1966 1510 quod
1991 1447 2213 1511 significet
2236 1449 2365 1511 quod

394 1514 476 1573 qui
499 1515 555 1561 ab
578 1513 779 1561 Ecclesia
814 1512 1033 1576 spirituali
1070 1514 1209 1578 usque
1232 1515 1286 1560 ad
1312 1513 1512 1562 coelestes
1538 1513 1578 1560 se
1604 1511 1819 1569 infundit,
1875 1526 2043 1575 pereat,
2093 1512 2267 1561 constat
2306 1531 2365 1562 ex

363 1633 366 1636 ,
393 1580 720 1642 significatione
759 1580 945 1636 monti3‚
989 1581 1116 1642 quod
1139 1580 1193 1627 fit
1218 1582 1392 1629 bonum
1430 1579 1611 1635 amoris,
1649 1579 1706 1626 de
1729 1595 1818 1642 qua
1843 1593 1955 1626 mox
1979 1578 2110 1642 supra
2134 1596 2188 1625 n:
2218 1583 2364 1642 8795,

392 1644 468 1692 h'ic
492 1645 716 1693 Divinum
735 1646 917 1704 ,bonum
952 1645 1112 1692 Divini
1137 1646 1303 1693 amoris
1343 1646 1387 1692 in
1420 1647 1542 1693 coelo
1579 1646 1760 1701 intimo,
1796 1646 1900 1709 quia
1925 1646 2121 1707 populus
2145 1645 2224 1709 qui
2250 1645 2363 1693 infra

393 1710 682 1773 repraesentat
705 1725 900 1772 regnum
938 1710 1161 1774 spirituale
1186 1711 1398 1767 Domini,
1441 1710 1567 1775 quod
1591 1710 1655 1758 est
1674 1710 1844 1757 coelum
1870 1709 2075 1757 medium
2096 1732 2111 1765 ·,
2147 1725 2203 1757 ex
2229 1711 2364 1773 figni-

390 1775 603 1824 ficatione
629 1789 826 1839 tangere,
863 1777 1067 1841 quodsit
1091 1790 1324 1840 penetrare
1347 1778 1563 1838 eousque,
1590 1777 1664 1824 hic
1686 1775 1924 1823 infundere
1947 1775 2007 1831 se,
2034 1777 2091 1824 de
2113 1792 2202 1839 qua
2220 1775 2365 1840 sequi·

379 1853 500 1896 ·tur;
534 1843 585 1891 ὅτ
621 1858 676 1890 ex
717 1843 1043 1903 significatione
1082 1843 1321 1890 moriendo
1363 1841 1495 1898 mori,
1529 1844 1655 1905 quod
1681 1842 1732 1889 fit
1757 1842 1913 1905 perire.
1982 1841 2101 1888 Cum
2126 1843 2213 1889 hoc
2234 1842 2292 1889 ita
2318 1843 2362 1890 se

391 1905 560 1962 habet3
597 1909 662 1955 illi
687 1911 768 1972 qui
792 1910 1000 1969 eRegno
1026 1909 1237 1971 spirituali
1260 1909 1457 1956 Domini
1483 1908 1602 1965 sunt,
1641 1924 1730 1955 non
1758 1908 1932 1969 possunt
1956 1906 2139 1955 influere
2166 1907 2208 1954 in
2235 1909 2363 1970 R'eg-

394 1988 510 2022 num
530 1973 725 2034 coeleste,
761 1974 868 2038 quia
893 1975 978 2021 hoc
1002 1975 1064 2021 est
1087 1974 1286 2037 superius
1310 1976 1385 2022 leu
1409 1974 1610 2029 interius,
1647 1975 1697 2021 &
1725 1973 1832 2020 illud
1852 1972 2036 2022 inferius
2057 1974 2130 2020 seu
2149 1976 2358 2032 exteriu8‚

391 2040 517 2101 quod
542 2040 664 2086 enirn
684 2042 876 2087 exterius
894 2039 963 2086 seu
984 2039 1165 2087 inferius
1181 2041 1244 2088 est
1270 2055 1359 2087 non
1385 2039 1528 2104 potest
1553 2039 1735 2086 influere
1761 2041 1803 2086 in
1833 2037 2032 2102 superius
2065 2039 2135 2087 seu
2159 2039 2359 2097 interius,

362 2104 365 2106 ’
389 2118 420 2149 n
443 2121 453 2149 :
478 2119 621 2165 5259.
649 2120 776 2169 5779
798 2126 812 2160 ς
849 2107 902 2153 fit
920 2119 1070 2154 tamen
1094 2106 1363 2168 quandoque
1381 2105 1520 2168 quod'
1546 2106 1625 2168 qui
1661 2106 1708 2151 in
1741 2103 1942 2152 inferiori
1965 2104 2086 2151 coelo
2110 2105 2225 2160 sunt,
2244 2123 2356 2161 <am-

389 2169 513 2216 biant
537 2171 768 2217 ascendere
791 2171 836 2235 in
859 2171 1030 2219 coelum
1058 2172 1271 2235 superius,
1314 2173 1361 2219 &
1387 2173 1480 2219 hoc.
1498 2186 1552 2218 ex
1578 2186 1718 2234 prava·
1735 2171 1966 2233 cupidine,
2001 2186 2108 2234 quae
2130 2171 2356 2233 originem

390 2234 519 2282 ducit
541 2251 598 2282 ex
622 2236 757 2291 fastu,
790 2252 846 2283 ex
870 2237 1201 2293 dominatione,
1238 2237 1309 2284 vel
1333 2253 1388 2284 ex
1415 2237 1599 2292 invidia,
1634 2237 1714 2301 qui
1741 2237 1783 2284 id
1811 2237 1915 2283 inde
1949 2248 2137 2292 tentant,
2175 2236 2357 2283 subinde

387 2296 531 2349 etiam
571 2303 962 2356 intromittuntur;
1000 2302 1070 2349 sed
1115 2318 1221 2350 tunc
1257 2303 1485 2365 patiuntur
1519 2302 1647 2358 dura,
1677 2298 1999 2364 'corripiuntur
2034 2304 2271 2358 anxietate,
2307 2304 2356 2350 δε

388 2367 572 2425 tandem
595 2367 768 2422 dolore,
819 2367 869 2415 &
893 2385 1080 2432 quoque
1102 2369 1317 2425 caecitate,
1371 2370 1420 2417 δε
1446 2368 1740 2430 intelligentia
1773 2367 1861 2414 illis
1896 2382 1947 2414 ac
1982 2368 2168 2414 felicitas
2211 2368 2355 2430 perit;

388 2443 663 2495 quapropter
680 2427 784 2479 inde
802 2432 845 2479 se
862 2432 1081 2496 dejiciunt
1100 2425 1208 2482 ficut
1227 2434 1506 2490 moribundi,
1529 2450 1610 2481 nec
1624 2434 1822 2481 animam
1846 2434 2067 2494 recipiunt
2084 2449 2230 2496 quam
2248 2449 2382 2482 cum,

386 2511 412 2543 e
434 2497 554 2554 coelo
575 2497 735 2559 dejeffl
759 2497 858 2545 sunt
880 2516 891 2544 τ
927 2499 1026 2547 talis
1051 2498 1138 2546 sors
1162 2499 1226 2546 est
1249 2499 1336 2545 illis
1357 2501 1471 2547 cuie
1489 2501 1608 2546 coelo
1631 2497 1833 2546 inferiori
1857 2514 1915 2544 ex
1931 2499 2179 2560 cupiditate
2203 2497 2355 2555 fastus,

386 2558 710 2610 dominationis
749 2576 827 2611 aut
861 2564 1050 2612 invidiae
1091 2564 1132 2612 se
1165 2562 1409 2611 infundunt
1434 2567 1476 2610 in
1503 2564 1668 2610 coelum
1697 2563 1922 2627 superius3
1971 2563 2096 2610 causa
2122 2563 2203 2619 est,
2242 2565 2376 2627 quia,

386 2628 562 2674 bonum
585 2627 749 2675 amoris
771 2630 814 2675 in
840 2630 920 2677 illo
941 2631 1060 2677 coelo
1077 2630 1140 2677 est
1158 2631 1267 2678 ficut
1292 2630 1409 2692 ig‘nis
1427 2630 1698 2678 consumens
1717 2628 1976 2692 respective,
2002 2630 2050 2676 δι
2067 2630 2352 2679 verumfidei

388 2691 453 2739 ibi
477 2693 540 2738 est
566 2692 673 2740 sicut
698 2693 775 2740 lux
798 2694 928 2756 ignea
951 2711 1176 2744 occaecans
1198 2695 1342 2743 visum
1370 2696 1552 2743 illorum
1586 2695 1665 2759 qui
1688 2708 1955 2758 emergunt:
2002 2695 2100 2742 haec
2124 2695 2224 2744 sunt
2247 2712 2353 2760 quae

386 2757 435 2804 in
455 2756 579 2805 sensu
597 2757 773 2805 interno
796 2759 1110 2821 intelliguntur
1129 2777 1209 2824 per
1232 2762 1354 2825 quod
1381 2761 1573 2824 populus
1592 2761 1855 2813 israeliticus
1879 2776 1968 2807 non
1992 2773 2195 2822 tangeret
2221 2778 2352 2807 mon·

386 2835 480 2870 tem
505 2823 643 2878 Sinai,
694 2824 775 2870 ubi
799 2825 1025 2886 Jehovah.
1093 2827 1312 2875 Similiter
1337 2826 1379 2873 se
1403 2828 1581 2877 haberet
1604 2842 1706 2873 cum
1734 2826 1818 2873 illis
1842 2826 1920 2889 qui
1948 2827 1992 2872 in
2016 2826 2188 2876 coelesti
2210 2837 2351 2887 regno

386 2890 508 2946 sunt,
544 2889 576 2936 si
599 2889 829 2936 ascendere
853 2890 980 2953 supra
1002 2891 1059 2937 ad
1080 2892 1304 2938 Divinum
1330 2891 1449 2938 forte
1472 2904 1736 2940 conarentur
1762 2908 1774 2937 z
1809 2891 2013 2938 similiter·
2034 2908 2140 2943 cum
2165 2891 2249 2936 illis
2269 2892 2350 2954 qui
2370 2921 2376 2938 t

364 2953 502 3002 'infra
538 2955 713 3002 coelum
754 2954 870 3012 sunt,
906 2955 935 3002 fi
961 2956 1198 3004 ascendere
1222 2957 1267 3003 in
1289 2957 1461 3004 coelum
1485 2958 1676 3021 cupiunt
1703 2978 1740 3013 3,
1769 2958 1895 3020 quod
1920 2958 2090 3008 hidira
2113 2957 2378 3020 patiantur„

363 3020 588 3084 [videatur
620 3035 850 3081 n14225.
878 3021 1025 3080 4226.
1050 3037 1197 3085 4299.
1224 3037 1364 3084 5057.
1394 3027 1538 3082 5058.

451 3089 594 3150 8798.
625 3086 740 3136 Non
776 3099 929 3154 tanget
965 3087 1104 3136 illum
1135 3083 1311 3145 manuS,
1357 3088 1484 3153 quod
1524 3087 1745 3154 significet
1775 3089 1903 3159 quod
1928 3086 2379 3199 quiperaliquagu

522 3166 538 3172 ‘
1172 3176 1179 3181 ·
2209 3169 2292 3202 cun
2332 3178 2377 3201 *t-
