<?xml version="1.0" encoding="UTF-8"?>
<!DOCTYPE html PUBLIC "-//W3C//DTD XHTML 1.0 Transitional//EN"
    "http://www.w3.org/TR/xhtml1/DTD/xhtml1-transitional.dtd">
<html xmlns="http://www.w3.org/1999/xhtml" xml:lang="en" lang="en">
 <head>
  <title>
</title>
<meta http-equiv="Content-Type" content="text/html;charset=utf-8" />
  <meta name='ocr-system' content='tesseract 3.04.00' />
  <meta name='ocr-capabilities' content='ocr_page ocr_carea ocr_par ocr_line ocrx_word'/>
</head>
<body>
  <div class='ocr_page' id='page_1' title='image "arcanacaelestiaq07sweduoft_0102.png"; bbox 0 0 2722 3684; ppageno 0'>
   <div class='ocr_carea' id='block_1_1' title="bbox 340 319 2391 3289">
    <p class='ocr_par' dir='ltr' id='par_1_1' title="bbox 352 319 2367 638">
     <span class='ocr_line' id='line_1_1' title="bbox 383 319 2367 388; baseline 0.002 -18"><span class='ocrx_word' id='word_1_1' title='bbox 383 322 511 388; x_wconf 87' lang='lat' dir='ltr'>quod</span> <span class='ocrx_word' id='word_1_2' title='bbox 535 320 642 371; x_wconf 90' lang='lat' dir='ltr'>fecit</span> <span class='ocrx_word' id='word_1_3' title='bbox 659 321 871 386; x_wconf 85' lang='lat' dir='ltr'>Jehovah</span> <span class='ocrx_word' id='word_1_4' title='bbox 898 321 1065 380; x_wconf 84' lang='lat' dir='ltr'>Israeli,</span> <span class='ocrx_word' id='word_1_5' title='bbox 1102 322 1380 385; x_wconf 83' lang='lat' dir='ltr'>significetur</span> <span class='ocrx_word' id='word_1_6' title='bbox 1402 319 1539 368; x_wconf 88' lang='lat' dir='ltr'>status</span> <span class='ocrx_word' id='word_1_7' title='bbox 1561 320 1721 370; x_wconf 91' lang='lat' dir='ltr'>Divini</span> <span class='ocrx_word' id='word_1_8' title='bbox 1737 321 1855 370; x_wconf 90' lang='lat' dir='ltr'>Boni</span> <span class='ocrx_word' id='word_1_9' title='bbox 1874 337 1980 370; x_wconf 87' lang='lat' dir='ltr'>cum</span> <span class='ocrx_word' id='word_1_10' title='bbox 1999 321 2240 378; x_wconf 80' lang='lat' dir='ltr'>succedunt</span> <span class='ocrx_word' id='word_1_11' title='bbox 2260 337 2367 374; x_wconf 84' lang='lat' dir='ltr'>om-</span> 
     </span>
     <span class='ocr_line' id='line_1_2' title="bbox 384 386 2367 453; baseline 0.002 -17"><span class='ocrx_word' id='word_1_12' title='bbox 384 391 493 443; x_wconf 84' lang='lat' dir='ltr'>nia;</span> <span class='ocrx_word' id='word_1_13' title='bbox 529 405 610 453; x_wconf 75' lang='lat' dir='ltr'>per</span> <span class='ocrx_word' id='word_1_14' title='bbox 646 390 849 437; x_wconf 88' lang='lat' dir='ltr'>Israelem</span> <span class='ocrx_word' id='word_1_15' title='bbox 873 390 995 436; x_wconf 91' lang='lat' dir='ltr'>enim</span> <span class='ocrx_word' id='word_1_16' title='bbox 1021 390 1340 451; x_wconf 87' lang='lat' dir='ltr'>intelliguntur</span> <span class='ocrx_word' id='word_1_17' title='bbox 1373 386 1438 434; x_wconf 88' lang='lat' dir='ltr'>illi</span> <span class='ocrx_word' id='word_1_18' title='bbox 1472 386 1552 451; x_wconf 90' lang='lat' dir='ltr'>qui</span> <span class='ocrx_word' id='word_1_19' title='bbox 1592 403 1618 435; x_wconf 91' lang='lat' dir='ltr'>e</span> <span class='ocrx_word' id='word_1_20' title='bbox 1652 388 1822 450; x_wconf 85' lang='lat' dir='ltr'>Regno</span> <span class='ocrx_word' id='word_1_21' title='bbox 1846 387 2136 453; x_wconf 85' lang='lat' dir='ltr'>spirituali&amp;</span> <span class='ocrx_word' id='word_1_22' title='bbox 2162 390 2367 440; x_wconf 79' lang='lat' dir='ltr'>Ecclesia·</span> 
     </span>
     <span class='ocr_line' id='line_1_3' title="bbox 386 452 2366 518; baseline 0.001 -14"><span class='ocrx_word' id='word_1_23' title='bbox 386 455 605 518; x_wconf 79' lang='lat' dir='ltr'>spirituali</span> <span class='ocrx_word' id='word_1_24' title='bbox 631 455 844 512; x_wconf 85' lang='lat' dir='ltr'>Domini,</span> <span class='ocrx_word' id='word_1_25' title='bbox 882 473 941 502; x_wconf 89' lang='lat' dir='ltr'>n:</span> <span class='ocrx_word' id='word_1_26' title='bbox 970 455 1117 518; x_wconf 89' lang='lat'>8669,</span> <span class='ocrx_word' id='word_1_27' title='bbox 1155 471 1264 504; x_wconf 86' lang='lat' dir='ltr'>curn</span> <span class='ocrx_word' id='word_1_28' title='bbox 1299 452 1463 515; x_wconf 88' lang='lat' dir='ltr'>quibus</span> <span class='ocrx_word' id='word_1_29' title='bbox 1497 453 1655 501; x_wconf 85' lang='lat' dir='ltr'>omnia</span> <span class='ocrx_word' id='word_1_30' title='bbox 1694 453 2008 513; x_wconf 81' lang='lat' dir='ltr'>succefferunt,</span> <span class='ocrx_word' id='word_1_31' title='bbox 2042 472 2150 505; x_wconf 88' lang='lat' dir='ltr'>nam</span> <span class='ocrx_word' id='word_1_32' title='bbox 2185 457 2366 506; x_wconf 86' lang='lat' dir='ltr'>liberati·</span> 
     </span>
     <span class='ocr_line' id='line_1_4' title="bbox 352 518 2366 588; baseline 0.001 -18"><span class='ocrx_word' id='word_1_33' title='bbox 352 528 376 536; x_wconf 63' lang='lat'>&#39;⁴</span> <span class='ocrx_word' id='word_1_34' title='bbox 390 520 493 570; x_wconf 86' lang='lat' dir='ltr'>sunt</span> <span class='ocrx_word' id='word_1_35' title='bbox 516 522 572 570; x_wconf 88' lang='lat' dir='ltr'>ab</span> <span class='ocrx_word' id='word_1_36' title='bbox 595 521 968 579; x_wconf 75' lang='lat' dir='ltr'>infestationibuS,</span> <span class='ocrx_word' id='word_1_37' title='bbox 983 535 1035 570; x_wconf 86' lang='lat' dir='ltr'>ac</span> <span class='ocrx_word' id='word_1_38' title='bbox 1051 521 1208 586; x_wconf 86' lang='lat' dir='ltr'>postea</span> <span class='ocrx_word' id='word_1_39' title='bbox 1224 520 1432 567; x_wconf 81' lang='lat' dir='ltr'>vicerunt</span> <span class='ocrx_word' id='word_1_40' title='bbox 1448 518 1492 566; x_wconf 91' lang='lat' dir='ltr'>in</span> <span class='ocrx_word' id='word_1_41' title='bbox 1513 519 1853 580; x_wconf 87' lang='lat' dir='ltr'>tentationibus,</span> <span class='ocrx_word' id='word_1_42' title='bbox 1870 533 1920 570; x_wconf 90' lang='lat' dir='ltr'>ut</span> <span class='ocrx_word' id='word_1_43' title='bbox 1939 519 2070 586; x_wconf 89' lang='lat' dir='ltr'>supra</span> <span class='ocrx_word' id='word_1_44' title='bbox 2085 522 2366 588; x_wconf 87' lang='lat' dir='ltr'>descriptum</span> 
     </span>
     <span class='ocr_line' id='line_1_5' title="bbox 390 588 1116 638; baseline 0.004 -3"><span class='ocrx_word' id='word_1_45' title='bbox 390 588 471 638; x_wconf 85' lang='lat' dir='ltr'>est.</span> <span class='ocrx_word' id='word_1_46' title='bbox 543 627 547 629; x_wconf 16' lang='grc' dir='ltr'>μ</span> <span class='ocrx_word' id='word_1_47' title='bbox 1110 624 1116 629; x_wconf 85' lang='lat'>-</span> 
     </span>
    </p>

    <p class='ocr_par' dir='ltr' id='par_1_2' title="bbox 363 651 2374 1313">
     <span class='ocr_line' id='line_1_6' title="bbox 459 651 2364 724; baseline 0.001 -22"><span class='ocrx_word' id='word_1_48' title='bbox 459 653 601 718; x_wconf 89' lang='lat'>8673.</span> <span class='ocrx_word' id='word_1_49' title='bbox 641 653 705 701; x_wconf 90' lang='lat' dir='ltr'>Et</span> <span class='ocrx_word' id='word_1_50' title='bbox 728 653 894 717; x_wconf 84' lang='lat' dir='ltr'>eripuit</span> <span class='ocrx_word' id='word_1_51' title='bbox 918 652 1019 702; x_wconf 88' lang='lat' dir='ltr'>illos</span> <span class='ocrx_word' id='word_1_52' title='bbox 1041 669 1065 700; x_wconf 89' lang='lat' dir='ltr'>e</span> <span class='ocrx_word' id='word_1_53' title='bbox 1088 668 1229 701; x_wconf 89' lang='lat' dir='ltr'>manu</span> <span class='ocrx_word' id='word_1_54' title='bbox 1247 651 1602 724; x_wconf 65' lang='lat' dir='ltr'>AEgypfiorum,</span> <span class='ocrx_word' id='word_1_55' title='bbox 1647 652 1775 717; x_wconf 92' lang='lat' dir='ltr'>quod</span> <span class='ocrx_word' id='word_1_56' title='bbox 1798 651 2026 716; x_wconf 85' lang='lat' dir='ltr'>significet</span> <span class='ocrx_word' id='word_1_57' title='bbox 2047 654 2110 702; x_wconf 92' lang='lat' dir='ltr'>ob</span> <span class='ocrx_word' id='word_1_58' title='bbox 2134 655 2364 704; x_wconf 85' lang='lat' dir='ltr'>liberatio-</span> 
     </span>
     <span class='ocr_line' id='line_1_7' title="bbox 386 718 2360 784; baseline 0.001 -16"><span class='ocrx_word' id='word_1_59' title='bbox 386 736 494 770; x_wconf 85' lang='lat' dir='ltr'>nem</span> <span class='ocrx_word' id='word_1_60' title='bbox 519 724 576 766; x_wconf 85' lang='lat' dir='ltr'>ab</span> <span class='ocrx_word' id='word_1_61' title='bbox 601 721 905 767; x_wconf 77' lang='lat' dir='ltr'>infestantium</span> <span class='ocrx_word' id='word_1_62' title='bbox 931 719 1114 775; x_wconf 84' lang='lat' dir='ltr'>insultu,</span> <span class='ocrx_word' id='word_1_63' title='bbox 1147 718 1319 766; x_wconf 85' lang='lat' dir='ltr'>constat</span> <span class='ocrx_word' id='word_1_64' title='bbox 1340 735 1398 767; x_wconf 85' lang='lat' dir='ltr'>ex</span> <span class='ocrx_word' id='word_1_65' title='bbox 1436 718 1762 780; x_wconf 83' lang='lat' dir='ltr'>significatione</span> <span class='ocrx_word' id='word_1_66' title='bbox 1784 723 1976 783; x_wconf 85' lang='lat' dir='ltr'>eripere,</span> <span class='ocrx_word' id='word_1_67' title='bbox 2013 722 2141 784; x_wconf 90' lang='lat' dir='ltr'>quod</span> <span class='ocrx_word' id='word_1_68' title='bbox 2169 722 2221 769; x_wconf 88' lang='lat' dir='ltr'>fit</span> <span class='ocrx_word' id='word_1_69' title='bbox 2243 723 2360 770; x_wconf 89' lang='lat' dir='ltr'>libe-</span> 
     </span>
     <span class='ocr_line' id='line_1_8' title="bbox 363 785 2359 854; baseline 0.001 -19"><span class='ocrx_word' id='word_1_70' title='bbox 363 789 516 841; x_wconf 68' lang='lat' dir='ltr'>⁴ratio,</span> <span class='ocrx_word' id='word_1_71' title='bbox 551 799 602 833; x_wconf 89' lang='lat' dir='ltr'>ut</span> <span class='ocrx_word' id='word_1_72' title='bbox 625 785 754 848; x_wconf 82' lang='lat' dir='ltr'>supra</span> <span class='ocrx_word' id='word_1_73' title='bbox 780 803 807 833; x_wconf 89' lang='lat' dir='ltr'>n</span> <span class='ocrx_word' id='word_1_74' title='bbox 828 802 840 832; x_wconf 76' lang='lat' dir='ltr'><strong><em>z</em></strong></span> <span class='ocrx_word' id='word_1_75' title='bbox 868 786 990 847; x_wconf 89' lang='lat'>8671</span> <span class='ocrx_word' id='word_1_76' title='bbox 1019 806 1034 841; x_wconf 85' lang='lat'>;</span> <span class='ocrx_word' id='word_1_77' title='bbox 1068 787 1118 835; x_wconf 78' lang='grc' dir='ltr'>ὅτ</span> <span class='ocrx_word' id='word_1_78' title='bbox 1139 800 1197 833; x_wconf 90' lang='lat' dir='ltr'>ex</span> <span class='ocrx_word' id='word_1_79' title='bbox 1219 785 1610 848; x_wconf 87' lang='lat' dir='ltr'>repraesentatione</span> <span class='ocrx_word' id='word_1_80' title='bbox 1633 785 1986 849; x_wconf 87' lang='lat' dir='ltr'>AEgyptiorum,</span> <span class='ocrx_word' id='word_1_81' title='bbox 2021 788 2147 850; x_wconf 89' lang='lat' dir='ltr'>quod</span> <span class='ocrx_word' id='word_1_82' title='bbox 2170 788 2256 836; x_wconf 81' lang='lat' dir='ltr'>sint</span> <span class='ocrx_word' id='word_1_83' title='bbox 2278 787 2359 854; x_wconf 80' lang='lat' dir='ltr'>qui</span> 
     </span>
     <span class='ocr_line' id='line_1_9' title="bbox 386 849 2338 918; baseline 0 -19"><span class='ocrx_word' id='word_1_84' title='bbox 386 869 470 918; x_wconf 90' lang='lat' dir='ltr'>per</span> <span class='ocrx_word' id='word_1_85' title='bbox 490 850 595 899; x_wconf 85' lang='lat' dir='ltr'>falsa</span> <span class='ocrx_word' id='word_1_86' title='bbox 618 852 956 909; x_wconf 80' lang='lat' dir='ltr'>infestaverunt,</span> <span class='ocrx_word' id='word_1_87' title='bbox 999 853 1057 899; x_wconf 88' lang='lat' dir='ltr'>de</span> <span class='ocrx_word' id='word_1_88' title='bbox 1079 867 1170 915; x_wconf 87' lang='lat' dir='ltr'>qua</span> <span class='ocrx_word' id='word_1_89' title='bbox 1193 851 1331 899; x_wconf 84' lang='lat' dir='ltr'>etiam</span> <span class='ocrx_word' id='word_1_90' title='bbox 1356 849 1484 914; x_wconf 87' lang='lat' dir='ltr'>supra</span> <span class='ocrx_word' id='word_1_91' title='bbox 1507 866 1536 898; x_wconf 88' lang='lat' dir='ltr'>n</span> <span class='ocrx_word' id='word_1_92' title='bbox 1558 867 1569 898; x_wconf 71' lang='grc' dir='ltr'><strong><em>ε</em></strong></span> <span class='ocrx_word' id='word_1_93' title='bbox 1597 851 1743 900; x_wconf 89' lang='grc'><strong><em>8668.</em></strong></span> <span class='ocrx_word' id='word_1_94' title='bbox 2316 877 2338 899; x_wconf 60' lang='lat' dir='ltr'>a</span> 
     </span>
     <span class='ocr_line' id='line_1_10' title="bbox 392 916 2359 983; baseline 0 -16"><span class='ocrx_word' id='word_1_95' title='bbox 392 950 394 954; x_wconf 92' lang='lat'><em>-</em></span> <span class='ocrx_word' id='word_1_96' title='bbox 456 919 600 980; x_wconf 87' lang='lat'>8674.</span> <span class='ocrx_word' id='word_1_97' title='bbox 637 918 703 967; x_wconf 90' lang='lat' dir='ltr'>Et</span> <span class='ocrx_word' id='word_1_98' title='bbox 741 919 859 966; x_wconf 85' lang='lat' dir='ltr'>dixit</span> <span class='ocrx_word' id='word_1_99' title='bbox 882 918 1060 979; x_wconf 89' lang='lat' dir='ltr'>Jethro,</span> <span class='ocrx_word' id='word_1_100' title='bbox 1098 918 1362 965; x_wconf 70' lang='lat' dir='ltr'>benediCtus</span> <span class='ocrx_word' id='word_1_101' title='bbox 1385 916 1615 977; x_wconf 89' lang='lat' dir='ltr'>Jehovah,</span> <span class='ocrx_word' id='word_1_102' title='bbox 1648 916 1775 981; x_wconf 91' lang='lat' dir='ltr'>quod</span> <span class='ocrx_word' id='word_1_103' title='bbox 1811 916 2036 978; x_wconf 82' lang='lat' dir='ltr'>fignificet</span> <span class='ocrx_word' id='word_1_104' title='bbox 2058 917 2185 983; x_wconf 90' lang='lat' dir='ltr'>quod</span> <span class='ocrx_word' id='word_1_105' title='bbox 2208 934 2234 966; x_wconf 88' lang='lat' dir='ltr'>a</span> <span class='ocrx_word' id='word_1_106' title='bbox 2260 920 2359 967; x_wconf 90' lang='lat' dir='ltr'>Do·</span> 
     </span>
     <span class='ocr_line' id='line_1_11' title="bbox 385 982 2360 1049; baseline 0 -16"><span class='ocrx_word' id='word_1_107' title='bbox 385 984 515 1033; x_wconf 89' lang='lat' dir='ltr'>mino</span> <span class='ocrx_word' id='word_1_108' title='bbox 537 1001 677 1034; x_wconf 87' lang='lat' dir='ltr'>omne</span> <span class='ocrx_word' id='word_1_109' title='bbox 696 985 888 1041; x_wconf 88' lang='lat' dir='ltr'>bonum,</span> <span class='ocrx_word' id='word_1_110' title='bbox 921 985 1091 1033; x_wconf 85' lang='lat' dir='ltr'>constat</span> <span class='ocrx_word' id='word_1_111' title='bbox 1120 999 1178 1032; x_wconf 87' lang='lat' dir='ltr'>ex</span> <span class='ocrx_word' id='word_1_112' title='bbox 1196 983 1523 1046; x_wconf 73' lang='lat' dir='ltr'>significatione</span> <span class='ocrx_word' id='word_1_113' title='bbox 1545 982 1814 1031; x_wconf 66' lang='lat' dir='ltr'>BenediCtus</span> <span class='ocrx_word' id='word_1_114' title='bbox 1831 983 2062 1044; x_wconf 88' lang='lat' dir='ltr'>Jehovah,</span> <span class='ocrx_word' id='word_1_115' title='bbox 2103 985 2228 1049; x_wconf 89' lang='lat' dir='ltr'>quod</span> <span class='ocrx_word' id='word_1_116' title='bbox 2257 985 2310 1033; x_wconf 83' lang='lat' dir='ltr'>fit</span> <span class='ocrx_word' id='word_1_117' title='bbox 2331 1001 2360 1033; x_wconf 83' lang='lat' dir='ltr'>a</span> 
     </span>
     <span class='ocr_line' id='line_1_12' title="bbox 386 1049 2357 1114; baseline -0.001 -13"><span class='ocrx_word' id='word_1_118' title='bbox 386 1050 598 1101; x_wconf 89' lang='lat' dir='ltr'>Domino</span> <span class='ocrx_word' id='word_1_119' title='bbox 618 1051 960 1108; x_wconf 88' lang='lat' dir='ltr'>omnebonum,</span> <span class='ocrx_word' id='word_1_120' title='bbox 993 1051 1050 1097; x_wconf 89' lang='lat' dir='ltr'>de</span> <span class='ocrx_word' id='word_1_121' title='bbox 1067 1066 1158 1114; x_wconf 88' lang='lat' dir='ltr'>qua</span> <span class='ocrx_word' id='word_1_122' title='bbox 1181 1066 1242 1097; x_wconf 90' lang='lat' dir='ltr'>n:</span> <span class='ocrx_word' id='word_1_123' title='bbox 1272 1049 1412 1112; x_wconf 81' lang='lat'>1096.</span> <span class='ocrx_word' id='word_1_124' title='bbox 1440 1065 1575 1109; x_wconf 84' lang='lat'><strong>¹4²2·</strong></span> <span class='ocrx_word' id='word_1_125' title='bbox 1603 1065 1769 1112; x_wconf 84' lang='lat' dir='ltr'>314o;</span> <span class='ocrx_word' id='word_1_126' title='bbox 1803 1051 1928 1113; x_wconf 91' lang='lat' dir='ltr'>quod</span> <span class='ocrx_word' id='word_1_127' title='bbox 1950 1050 2163 1112; x_wconf 84' lang='lat' dir='ltr'>Jehovah</span> <span class='ocrx_word' id='word_1_128' title='bbox 2189 1051 2241 1099; x_wconf 86' lang='lat' dir='ltr'>fit</span> <span class='ocrx_word' id='word_1_129' title='bbox 2257 1051 2357 1099; x_wconf 90' lang='lat' dir='ltr'>Do-</span> 
     </span>
     <span class='ocr_line' id='line_1_13' title="bbox 387 1114 2374 1181; baseline 0 -15"><span class='ocrx_word' id='word_1_130' title='bbox 387 1119 559 1176; x_wconf 75' lang='lat' dir='ltr'>minUS,</span> <span class='ocrx_word' id='word_1_131' title='bbox 585 1119 791 1166; x_wconf 78' lang='lat' dir='ltr'>videatur</span> <span class='ocrx_word' id='word_1_132' title='bbox 815 1117 945 1181; x_wconf 86' lang='lat' dir='ltr'>supra</span> <span class='ocrx_word' id='word_1_133' title='bbox 968 1133 1024 1164; x_wconf 89' lang='lat' dir='ltr'>n:</span> <span class='ocrx_word' id='word_1_134' title='bbox 1053 1119 1196 1178; x_wconf 85' lang='lat'>8671.</span> <span class='ocrx_word' id='word_1_135' title='bbox 1222 1116 1365 1179; x_wconf 81' lang='lat' dir='ltr'>Qiod</span> <span class='ocrx_word' id='word_1_136' title='bbox 1382 1114 1651 1163; x_wconf 71' lang='lat' dir='ltr'>Benedistus</span> <span class='ocrx_word' id='word_1_137' title='bbox 1665 1114 1876 1178; x_wconf 86' lang='lat' dir='ltr'>Jehovah</span> <span class='ocrx_word' id='word_1_138' title='bbox 1897 1115 1946 1164; x_wconf 83' lang='lat' dir='ltr'>fit</span> <span class='ocrx_word' id='word_1_139' title='bbox 1968 1117 2095 1179; x_wconf 91' lang='lat' dir='ltr'>quod</span> <span class='ocrx_word' id='word_1_140' title='bbox 2112 1117 2374 1166; x_wconf 77' lang='lat' dir='ltr'>aDomino</span> 
     </span>
     <span class='ocr_line' id='line_1_14' title="bbox 384 1178 2360 1247; baseline 0 -16"><span class='ocrx_word' id='word_1_141' title='bbox 384 1199 525 1233; x_wconf 85' lang='lat' dir='ltr'>omne</span> <span class='ocrx_word' id='word_1_142' title='bbox 550 1187 741 1240; x_wconf 85' lang='lat' dir='ltr'>bonum;</span> <span class='ocrx_word' id='word_1_143' title='bbox 759 1183 822 1231; x_wconf 88' lang='lat' dir='ltr'>est</span> <span class='ocrx_word' id='word_1_144' title='bbox 843 1184 950 1247; x_wconf 90' lang='lat' dir='ltr'>quia</span> <span class='ocrx_word' id='word_1_145' title='bbox 969 1182 1229 1232; x_wconf 72' lang='lat' dir='ltr'>benediCtio</span> <span class='ocrx_word' id='word_1_146' title='bbox 1253 1181 1378 1245; x_wconf 87' lang='lat' dir='ltr'>apud</span> <span class='ocrx_word' id='word_1_147' title='bbox 1401 1178 1641 1230; x_wconf 73' lang='lat' dir='ltr'>hominem</span> <span class='ocrx_word' id='word_1_148' title='bbox 1663 1180 1862 1229; x_wconf 89' lang='lat' dir='ltr'>involvit</span> <span class='ocrx_word' id='word_1_149' title='bbox 1884 1197 2021 1229; x_wconf 87' lang='lat' dir='ltr'>omne</span> <span class='ocrx_word' id='word_1_150' title='bbox 2045 1183 2221 1231; x_wconf 90' lang='lat' dir='ltr'>bonum</span> <span class='ocrx_word' id='word_1_151' title='bbox 2244 1184 2360 1232; x_wconf 84' lang='lat' dir='ltr'>vitae</span> 
     </span>
     <span class='ocr_line' id='line_1_15' title="bbox 389 1247 2359 1313; baseline -0.001 -15"><span class='ocrx_word' id='word_1_152' title='bbox 389 1264 592 1307; x_wconf 83' lang='lat' dir='ltr'>aeternae,</span> <span class='ocrx_word' id='word_1_153' title='bbox 628 1251 714 1298; x_wconf 79' lang='lat' dir='ltr'>hoe</span> <span class='ocrx_word' id='word_1_154' title='bbox 736 1250 815 1305; x_wconf 89' lang='lat' dir='ltr'>est,</span> <span class='ocrx_word' id='word_1_155' title='bbox 851 1250 1024 1297; x_wconf 89' lang='lat' dir='ltr'>bonum</span> <span class='ocrx_word' id='word_1_156' title='bbox 1050 1249 1215 1296; x_wconf 88' lang='lat' dir='ltr'>amoris</span> <span class='ocrx_word' id='word_1_157' title='bbox 1238 1248 1284 1295; x_wconf 91' lang='lat' dir='ltr'>in</span> <span class='ocrx_word' id='word_1_158' title='bbox 1309 1247 1563 1294; x_wconf 86' lang='lat' dir='ltr'>Dominum</span> <span class='ocrx_word' id='word_1_159' title='bbox 1589 1247 1639 1294; x_wconf 75' lang='grc' dir='ltr'>ὅτ,</span> <span class='ocrx_word' id='word_1_160' title='bbox 1662 1261 1769 1309; x_wconf 81' lang='lat' dir='ltr'>erga</span> <span class='ocrx_word' id='word_1_161' title='bbox 1792 1248 2079 1309; x_wconf 86' lang='lat' dir='ltr'>proximum,</span> <span class='ocrx_word' id='word_1_162' title='bbox 2113 1266 2142 1298; x_wconf 89' lang='lat' dir='ltr'>n</span> <span class='ocrx_word' id='word_1_163' title='bbox 2165 1266 2175 1296; x_wconf 91' lang='lat'>:</span> <span class='ocrx_word' id='word_1_164' title='bbox 2210 1250 2359 1313; x_wconf 85' lang='lat'>3406.</span> 
     </span>
    </p>

    <p class='ocr_par' dir='ltr' id='par_1_3' title="bbox 388 1312 2272 1380">
     <span class='ocr_line' id='line_1_16' title="bbox 388 1312 2272 1380; baseline -0.004 -14"><span class='ocrx_word' id='word_1_165' title='bbox 388 1321 538 1380; x_wconf 84' lang='lat'>4981,</span> <span class='ocrx_word' id='word_1_166' title='bbox 584 1318 683 1366; x_wconf 84' lang='lat' dir='ltr'>haec</span> <span class='ocrx_word' id='word_1_167' title='bbox 704 1316 1013 1364; x_wconf 86' lang='lat' dir='ltr'>bona-faciunt</span> <span class='ocrx_word' id='word_1_168' title='bbox 1038 1317 1185 1362; x_wconf 86' lang='lat' dir='ltr'>vitam</span> <span class='ocrx_word' id='word_1_169' title='bbox 1214 1325 1438 1362; x_wconf 86' lang='lat' dir='ltr'>aeternam</span> <span class='ocrx_word' id='word_1_170' title='bbox 1461 1312 1587 1375; x_wconf 87' lang='lat' dir='ltr'>apud</span> <span class='ocrx_word' id='word_1_171' title='bbox 1625 1312 1878 1360; x_wconf 87' lang='lat' dir='ltr'>bominem.</span> <span class='ocrx_word' id='word_1_172' title='bbox 2268 1368 2272 1373; x_wconf 23' lang='grc' dir='ltr'>Γ</span> 
     </span>
    </p>

    <p class='ocr_par' dir='ltr' id='par_1_4' title="bbox 388 1379 2370 1581">
     <span class='ocr_line' id='line_1_17' title="bbox 459 1379 2370 1447; baseline -0.001 -15"><span class='ocrx_word' id='word_1_173' title='bbox 459 1385 550 1447; x_wconf 91' lang='lat'>867</span> <span class='ocrx_word' id='word_1_174' title='bbox 558 1399 606 1445; x_wconf 85' lang='lat'>5.</span> <span class='ocrx_word' id='word_1_175' title='bbox 640 1381 735 1444; x_wconf 84' lang='lat' dir='ltr'>Qui</span> <span class='ocrx_word' id='word_1_176' title='bbox 759 1381 927 1446; x_wconf 88' lang='lat' dir='ltr'>eripuit</span> <span class='ocrx_word' id='word_1_177' title='bbox 949 1396 1031 1429; x_wconf 91' lang='lat' dir='ltr'>vos</span> <span class='ocrx_word' id='word_1_178' title='bbox 1053 1396 1079 1428; x_wconf 88' lang='lat' dir='ltr'>e</span> <span class='ocrx_word' id='word_1_179' title='bbox 1106 1395 1245 1428; x_wconf 87' lang='lat' dir='ltr'>manu</span> <span class='ocrx_word' id='word_1_180' title='bbox 1269 1379 1608 1442; x_wconf 83' lang='lat' dir='ltr'>AEgyptiorum</span> <span class='ocrx_word' id='word_1_181' title='bbox 1638 1379 1688 1426; x_wconf 88' lang='lat'>&amp;</span> <span class='ocrx_word' id='word_1_182' title='bbox 1719 1394 1744 1424; x_wconf 93' lang='lat' dir='ltr'>e</span> <span class='ocrx_word' id='word_1_183' title='bbox 1768 1394 1905 1426; x_wconf 87' lang='lat' dir='ltr'>manu</span> <span class='ocrx_word' id='word_1_184' title='bbox 1936 1379 2199 1437; x_wconf 74' lang='lat' dir='ltr'>PharaoniS,</span> <span class='ocrx_word' id='word_1_185' title='bbox 2235 1380 2370 1445; x_wconf 72' lang='lat' dir='ltr'>quod</span> 
     </span>
     <span class='ocr_line' id='line_1_18' title="bbox 388 1443 2367 1512; baseline -0.001 -14"><span class='ocrx_word' id='word_1_186' title='bbox 388 1448 610 1512; x_wconf 79' lang='lat' dir='ltr'>significet</span> <span class='ocrx_word' id='word_1_187' title='bbox 648 1448 960 1496; x_wconf 85' lang='lat' dir='ltr'>liberationem</span> <span class='ocrx_word' id='word_1_188' title='bbox 984 1462 1041 1495; x_wconf 85' lang='lat' dir='ltr'>ex</span> <span class='ocrx_word' id='word_1_189' title='bbox 1064 1446 1231 1495; x_wconf 92' lang='lat' dir='ltr'>insultu</span> <span class='ocrx_word' id='word_1_190' title='bbox 1255 1444 1581 1502; x_wconf 69' lang='lat' dir='ltr'>infestantium,</span> <span class='ocrx_word' id='word_1_191' title='bbox 1614 1443 1787 1493; x_wconf 87' lang='lat' dir='ltr'>constat</span> <span class='ocrx_word' id='word_1_192' title='bbox 1809 1460 1865 1492; x_wconf 85' lang='lat' dir='ltr'>ex</span> <span class='ocrx_word' id='word_1_193' title='bbox 1888 1444 1975 1493; x_wconf 87' lang='lat' dir='ltr'>illis</span> <span class='ocrx_word' id='word_1_194' title='bbox 1997 1462 2107 1511; x_wconf 85' lang='lat' dir='ltr'>quae</span> <span class='ocrx_word' id='word_1_195' title='bbox 2138 1446 2275 1512; x_wconf 87' lang='lat' dir='ltr'>supra</span> <span class='ocrx_word' id='word_1_196' title='bbox 2297 1463 2326 1496; x_wconf 88' lang='lat' dir='ltr'>n</span> <span class='ocrx_word' id='word_1_197' title='bbox 2347 1465 2367 1496; x_wconf 65' lang='grc' dir='ltr'><em>ε</em></span> 
     </span>
     <span class='ocr_line' id='line_1_19' title="bbox 391 1513 1106 1581; baseline -0.001 -19"><span class='ocrx_word' id='word_1_198' title='bbox 391 1516 536 1581; x_wconf 76' lang='lat'>8671.</span> <span class='ocrx_word' id='word_1_199' title='bbox 565 1516 711 1578; x_wconf 82' lang='lat'>8673,</span> <span class='ocrx_word' id='word_1_200' title='bbox 745 1513 970 1578; x_wconf 87' lang='lat' dir='ltr'>explicata</span> <span class='ocrx_word' id='word_1_201' title='bbox 992 1514 1106 1562; x_wconf 89' lang='lat' dir='ltr'>sunt.</span> 
     </span>
    </p>

    <p class='ocr_par' dir='ltr' id='par_1_5' title="bbox 389 1576 2369 2293">
     <span class='ocr_line' id='line_1_20' title="bbox 459 1576 2363 1649; baseline -0.001 -19"><span class='ocrx_word' id='word_1_202' title='bbox 459 1582 603 1649; x_wconf 91' lang='lat'>8676.</span> <span class='ocrx_word' id='word_1_203' title='bbox 641 1581 738 1643; x_wconf 80' lang='lat' dir='ltr'>Qi</span> <span class='ocrx_word' id='word_1_204' title='bbox 769 1580 936 1644; x_wconf 88' lang='lat' dir='ltr'>eripuit</span> <span class='ocrx_word' id='word_1_205' title='bbox 959 1579 1188 1645; x_wconf 85' lang='lat' dir='ltr'>populum</span> <span class='ocrx_word' id='word_1_206' title='bbox 1213 1577 1346 1627; x_wconf 90' lang='lat' dir='ltr'>suurn</span> <span class='ocrx_word' id='word_1_207' title='bbox 1369 1592 1396 1625; x_wconf 88' lang='lat' dir='ltr'>e</span> <span class='ocrx_word' id='word_1_208' title='bbox 1418 1576 1501 1625; x_wconf 91' lang='lat' dir='ltr'>sub</span> <span class='ocrx_word' id='word_1_209' title='bbox 1522 1593 1659 1625; x_wconf 87' lang='lat' dir='ltr'>manu</span> <span class='ocrx_word' id='word_1_210' title='bbox 1677 1576 2029 1641; x_wconf 85' lang='lat' dir='ltr'>AEgyptiorum,</span> <span class='ocrx_word' id='word_1_211' title='bbox 2066 1578 2193 1644; x_wconf 87' lang='lat' dir='ltr'>quod</span> <span class='ocrx_word' id='word_1_212' title='bbox 2219 1579 2363 1642; x_wconf 85' lang='lat' dir='ltr'>figni-</span> 
     </span>
     <span class='ocr_line' id='line_1_21' title="bbox 389 1644 2362 1712; baseline -0.001 -15"><span class='ocrx_word' id='word_1_213' title='bbox 389 1650 494 1697; x_wconf 86' lang='lat' dir='ltr'>ficet</span> <span class='ocrx_word' id='word_1_214' title='bbox 512 1646 861 1696; x_wconf 88' lang='lat' dir='ltr'>misericordiam</span> <span class='ocrx_word' id='word_1_215' title='bbox 885 1660 992 1708; x_wconf 84' lang='lat' dir='ltr'>erga</span> <span class='ocrx_word' id='word_1_216' title='bbox 1006 1646 1106 1694; x_wconf 90' lang='lat' dir='ltr'>illos</span> <span class='ocrx_word' id='word_1_217' title='bbox 1128 1645 1209 1712; x_wconf 90' lang='lat' dir='ltr'>qui</span> <span class='ocrx_word' id='word_1_218' title='bbox 1233 1646 1281 1692; x_wconf 88' lang='lat' dir='ltr'>in</span> <span class='ocrx_word' id='word_1_219' title='bbox 1306 1647 1429 1693; x_wconf 90' lang='lat' dir='ltr'>bono</span> <span class='ocrx_word' id='word_1_220' title='bbox 1451 1644 1543 1692; x_wconf 86' lang='lat' dir='ltr'>veri</span> <span class='ocrx_word' id='word_1_221' title='bbox 1566 1644 1615 1692; x_wconf 87' lang='lat'>&amp;</span> <span class='ocrx_word' id='word_1_222' title='bbox 1652 1659 1760 1691; x_wconf 91' lang='lat' dir='ltr'>vero</span> <span class='ocrx_word' id='word_1_223' title='bbox 1782 1645 1908 1702; x_wconf 86' lang='lat' dir='ltr'>boni,</span> <span class='ocrx_word' id='word_1_224' title='bbox 1943 1645 2116 1693; x_wconf 88' lang='lat' dir='ltr'>constat</span> <span class='ocrx_word' id='word_1_225' title='bbox 2138 1661 2197 1694; x_wconf 84' lang='lat' dir='ltr'>ex</span> <span class='ocrx_word' id='word_1_226' title='bbox 2221 1646 2362 1710; x_wconf 74' lang='lat' dir='ltr'>figni-</span> 
     </span>
     <span class='ocr_line' id='line_1_22' title="bbox 390 1709 2365 1778; baseline -0.001 -15"><span class='ocrx_word' id='word_1_227' title='bbox 390 1715 600 1763; x_wconf 88' lang='lat' dir='ltr'>ficatione</span> <span class='ocrx_word' id='word_1_228' title='bbox 618 1713 810 1778; x_wconf 87' lang='lat' dir='ltr'>eripere,</span> <span class='ocrx_word' id='word_1_229' title='bbox 835 1713 967 1777; x_wconf 76' lang='lat' dir='ltr'>&#39;quod</span> <span class='ocrx_word' id='word_1_230' title='bbox 993 1713 1046 1761; x_wconf 81' lang='lat' dir='ltr'>sit</span> <span class='ocrx_word' id='word_1_231' title='bbox 1065 1710 1290 1767; x_wconf 88' lang='lat' dir='ltr'>liberatio,</span> <span class='ocrx_word' id='word_1_232' title='bbox 1325 1724 1375 1759; x_wconf 92' lang='lat' dir='ltr'>ut</span> <span class='ocrx_word' id='word_1_233' title='bbox 1398 1725 1519 1758; x_wconf 89' lang='lat' dir='ltr'>nunc</span> <span class='ocrx_word' id='word_1_234' title='bbox 1542 1709 1674 1773; x_wconf 86' lang='lat' dir='ltr'>supra</span> <span class='ocrx_word' id='word_1_235' title='bbox 1694 1725 1754 1756; x_wconf 89' lang='lat' dir='ltr'>n:</span> <span class='ocrx_word' id='word_1_236' title='bbox 1780 1711 1907 1773; x_wconf 89' lang='lat'>8675</span> <span class='ocrx_word' id='word_1_237' title='bbox 1929 1731 1945 1766; x_wconf 66' lang='grc' dir='ltr'><strong>ς</strong></span> <span class='ocrx_word' id='word_1_238' title='bbox 1991 1727 2048 1758; x_wconf 89' lang='lat' dir='ltr'>ex</span> <span class='ocrx_word' id='word_1_239' title='bbox 2071 1709 2365 1778; x_wconf 57' lang='lat' dir='ltr'>significatio-f</span> 
     </span>
     <span class='ocr_line' id='line_1_23' title="bbox 390 1774 2368 1846; baseline 0 -18"><span class='ocrx_word' id='word_1_240' title='bbox 390 1797 448 1828; x_wconf 87' lang='lat' dir='ltr'>ne</span> <span class='ocrx_word' id='word_1_241' title='bbox 464 1780 817 1846; x_wconf 69' lang='lat' dir='ltr'>AEgypdmum,</span> <span class='ocrx_word' id='word_1_242' title='bbox 850 1778 976 1843; x_wconf 91' lang='lat' dir='ltr'>quod</span> <span class='ocrx_word' id='word_1_243' title='bbox 999 1778 1084 1827; x_wconf 84' lang='lat' dir='ltr'>fint</span> <span class='ocrx_word' id='word_1_244' title='bbox 1107 1779 1187 1843; x_wconf 90' lang='lat' dir='ltr'>qui</span> <span class='ocrx_word' id='word_1_245' title='bbox 1222 1791 1302 1841; x_wconf 86' lang='lat' dir='ltr'>per</span> <span class='ocrx_word' id='word_1_246' title='bbox 1334 1776 1437 1823; x_wconf 88' lang='lat' dir='ltr'>falsa</span> <span class='ocrx_word' id='word_1_247' title='bbox 1472 1774 1750 1832; x_wconf 87' lang='lat' dir='ltr'>infestarunt,</span> <span class='ocrx_word' id='word_1_248' title='bbox 1785 1776 1844 1824; x_wconf 89' lang='lat' dir='ltr'>de</span> <span class='ocrx_word' id='word_1_249' title='bbox 1871 1793 1965 1842; x_wconf 81' lang='lat' dir='ltr'>qua</span> <span class='ocrx_word' id='word_1_250' title='bbox 1984 1778 2121 1827; x_wconf 85' lang='lat' dir='ltr'>etiam</span> <span class='ocrx_word' id='word_1_251' title='bbox 2145 1779 2276 1844; x_wconf 85' lang='lat' dir='ltr'>supra</span> <span class='ocrx_word' id='word_1_252' title='bbox 2297 1796 2328 1827; x_wconf 93' lang='lat' dir='ltr'>n</span> <span class='ocrx_word' id='word_1_253' title='bbox 2347 1795 2368 1828; x_wconf 75' lang='grc' dir='ltr'><strong><em>ε</em></strong></span> 
     </span>
     <span class='ocr_line' id='line_1_24' title="bbox 394 1842 2369 1911; baseline 0 -17"><span class='ocrx_word' id='word_1_254' title='bbox 394 1848 519 1896; x_wconf 67' lang='grc'><strong><em>8668</em></strong></span> <span class='ocrx_word' id='word_1_255' title='bbox 543 1869 556 1902; x_wconf 88' lang='lat'>;</span> <span class='ocrx_word' id='word_1_256' title='bbox 593 1848 642 1895; x_wconf 72' lang='grc' dir='ltr'>δε</span> <span class='ocrx_word' id='word_1_257' title='bbox 660 1863 717 1895; x_wconf 86' lang='lat' dir='ltr'>ex</span> <span class='ocrx_word' id='word_1_258' title='bbox 741 1845 1129 1910; x_wconf 67' lang='lat' dir='ltr'>repraesentatione</span> <span class='ocrx_word' id='word_1_259' title='bbox 1148 1843 1332 1899; x_wconf 84' lang='lat' dir='ltr'>Israelis,</span> <span class='ocrx_word' id='word_1_260' title='bbox 1366 1843 1447 1909; x_wconf 88' lang='lat' dir='ltr'>qui</span> <span class='ocrx_word' id='word_1_261' title='bbox 1470 1842 1543 1890; x_wconf 91' lang='lat' dir='ltr'>hic</span> <span class='ocrx_word' id='word_1_262' title='bbox 1565 1842 1764 1907; x_wconf 88' lang='lat' dir='ltr'>populus</span> <span class='ocrx_word' id='word_1_263' title='bbox 1777 1842 1991 1906; x_wconf 83' lang='lat' dir='ltr'>Jehovae,</span> <span class='ocrx_word' id='word_1_264' title='bbox 2025 1846 2152 1910; x_wconf 88' lang='lat' dir='ltr'>quod</span> <span class='ocrx_word' id='word_1_265' title='bbox 2177 1845 2262 1894; x_wconf 84' lang='lat' dir='ltr'>sint</span> <span class='ocrx_word' id='word_1_266' title='bbox 2277 1845 2369 1911; x_wconf 24' lang='lat' dir='ltr'>qui*</span> 
     </span>
     <span class='ocr_line' id='line_1_25' title="bbox 390 1909 2361 1976; baseline -0.001 -15"><span class='ocrx_word' id='word_1_267' title='bbox 390 1913 448 1962; x_wconf 86' lang='lat' dir='ltr'>ab</span> <span class='ocrx_word' id='word_1_268' title='bbox 472 1913 670 1961; x_wconf 78' lang='lat' dir='ltr'>Ecclesia</span> <span class='ocrx_word' id='word_1_269' title='bbox 694 1912 931 1976; x_wconf 83' lang='lat' dir='ltr'>spirituali,</span> <span class='ocrx_word' id='word_1_270' title='bbox 963 1912 1128 1974; x_wconf 86' lang='lat' dir='ltr'>de&#39;qua</span> <span class='ocrx_word' id='word_1_271' title='bbox 1151 1928 1180 1959; x_wconf 91' lang='lat' dir='ltr'>n</span> <span class='ocrx_word' id='word_1_272' title='bbox 1200 1928 1212 1959; x_wconf 91' lang='lat'><strong>:</strong></span> <span class='ocrx_word' id='word_1_273' title='bbox 1241 1910 1389 1970; x_wconf 84' lang='lat'>8645,</span> <span class='ocrx_word' id='word_1_274' title='bbox 1424 1909 1486 1956; x_wconf 91' lang='lat' dir='ltr'>ita</span> <span class='ocrx_word' id='word_1_275' title='bbox 1504 1909 1586 1972; x_wconf 90' lang='lat' dir='ltr'>qui</span> <span class='ocrx_word' id='word_1_276' title='bbox 1612 1909 1656 1956; x_wconf 92' lang='lat' dir='ltr'>in</span> <span class='ocrx_word' id='word_1_277' title='bbox 1683 1910 1806 1956; x_wconf 91' lang='lat' dir='ltr'>bono</span> <span class='ocrx_word' id='word_1_278' title='bbox 1829 1910 1996 1959; x_wconf 82' lang='lat' dir='ltr'>veri&amp;</span> <span class='ocrx_word' id='word_1_279' title='bbox 2010 1926 2119 1959; x_wconf 87' lang='lat' dir='ltr'>vero</span> <span class='ocrx_word' id='word_1_280' title='bbox 2139 1912 2264 1970; x_wconf 86' lang='lat' dir='ltr'>boni,</span> <span class='ocrx_word' id='word_1_281' title='bbox 2302 1929 2361 1960; x_wconf 88' lang='lat' dir='ltr'>n:</span> 
     </span>
     <span class='ocr_line' id='line_1_26' title="bbox 392 1975 2363 2046; baseline -0.001 -19"><span class='ocrx_word' id='word_1_282' title='bbox 392 1996 453 2046; x_wconf 87' lang='lat'>79</span> <span class='ocrx_word' id='word_1_283' title='bbox 461 1980 544 2041; x_wconf 80' lang='lat'>56.</span> <span class='ocrx_word' id='word_1_284' title='bbox 569 1982 697 2043; x_wconf 80' lang='lat'>8234</span> <span class='ocrx_word' id='word_1_285' title='bbox 717 1996 728 2025; x_wconf 93' lang='lat'>:</span> <span class='ocrx_word' id='word_1_286' title='bbox 764 1979 892 2043; x_wconf 89' lang='lat' dir='ltr'>quod</span> <span class='ocrx_word' id='word_1_287' title='bbox 915 1993 973 2025; x_wconf 88' lang='lat' dir='ltr'>ex</span> <span class='ocrx_word' id='word_1_288' title='bbox 991 1977 1302 2026; x_wconf 86' lang='lat' dir='ltr'>Misericordia</span> <span class='ocrx_word' id='word_1_289' title='bbox 1322 1975 1536 2032; x_wconf 88' lang='lat' dir='ltr'>Domini,</span> <span class='ocrx_word' id='word_1_290' title='bbox 1570 1975 1634 2022; x_wconf 89' lang='lat' dir='ltr'>est</span> <span class='ocrx_word' id='word_1_291' title='bbox 1667 1976 1774 2039; x_wconf 87' lang='lat' dir='ltr'>quia</span> <span class='ocrx_word' id='word_1_292' title='bbox 1797 1975 1964 2024; x_wconf 88' lang='lat' dir='ltr'>dicitur</span> <span class='ocrx_word' id='word_1_293' title='bbox 1997 1977 2261 2026; x_wconf 64' lang='lat' dir='ltr'>benedistus</span> <span class='ocrx_word' id='word_1_294' title='bbox 2284 1978 2363 2039; x_wconf 90' lang='lat' dir='ltr'>Je-</span> 
     </span>
     <span class='ocr_line' id='line_1_27' title="bbox 392 2041 2362 2110; baseline -0.001 -17"><span class='ocrx_word' id='word_1_295' title='bbox 392 2046 544 2093; x_wconf 83' lang='lat' dir='ltr'>hovah</span> <span class='ocrx_word' id='word_1_296' title='bbox 580 2047 657 2110; x_wconf 87' lang='lat' dir='ltr'>qui</span> <span class='ocrx_word' id='word_1_297' title='bbox 704 2044 888 2106; x_wconf 83' lang='lat' dir='ltr'>eripuit,</span> <span class='ocrx_word' id='word_1_298' title='bbox 923 2044 973 2092; x_wconf 78' lang='grc' dir='ltr'>ὅτ</span> <span class='ocrx_word' id='word_1_299' title='bbox 997 2059 1077 2108; x_wconf 87' lang='lat' dir='ltr'>per</span> <span class='ocrx_word' id='word_1_300' title='bbox 1095 2042 1358 2092; x_wconf 63' lang='lat' dir='ltr'>benedidstus</span> <span class='ocrx_word' id='word_1_301' title='bbox 1382 2041 1591 2105; x_wconf 84' lang='lat' dir='ltr'>Jehovah</span> <span class='ocrx_word' id='word_1_302' title='bbox 1614 2041 1885 2105; x_wconf 85' lang='lat' dir='ltr'>significatur</span> <span class='ocrx_word' id='word_1_303' title='bbox 1908 2042 2035 2107; x_wconf 90' lang='lat' dir='ltr'>quod</span> <span class='ocrx_word' id='word_1_304' title='bbox 2056 2044 2116 2092; x_wconf 90' lang='lat' dir='ltr'>ab</span> <span class='ocrx_word' id='word_1_305' title='bbox 2132 2043 2236 2108; x_wconf 90' lang='lat' dir='ltr'>Ipso</span> <span class='ocrx_word' id='word_1_306' title='bbox 2259 2059 2362 2092; x_wconf 89' lang='lat' dir='ltr'>om-</span> 
     </span>
     <span class='ocr_line' id='line_1_28' title="bbox 391 2108 2361 2174; baseline 0 -16"><span class='ocrx_word' id='word_1_307' title='bbox 391 2127 450 2159; x_wconf 86' lang='lat' dir='ltr'>ne</span> <span class='ocrx_word' id='word_1_308' title='bbox 474 2113 646 2159; x_wconf 86' lang='lat' dir='ltr'>bonum</span> <span class='ocrx_word' id='word_1_309' title='bbox 671 2128 727 2160; x_wconf 88' lang='lat' dir='ltr'>ex</span> <span class='ocrx_word' id='word_1_310' title='bbox 753 2111 930 2160; x_wconf 82' lang='lat' dir='ltr'>Divino</span> <span class='ocrx_word' id='word_1_311' title='bbox 947 2125 1102 2159; x_wconf 84' lang='lat' dir='ltr'>amore</span> <span class='ocrx_word' id='word_1_312' title='bbox 1125 2111 1284 2173; x_wconf 74' lang='lat' dir='ltr'>Ipsius,</span> <span class='ocrx_word' id='word_1_313' title='bbox 1321 2124 1377 2156; x_wconf 89' lang='lat' dir='ltr'>n:</span> <span class='ocrx_word' id='word_1_314' title='bbox 1405 2108 1533 2170; x_wconf 92' lang='lat'>8674</span> <span class='ocrx_word' id='word_1_315' title='bbox 1553 2108 1803 2163; x_wconf 46' lang='lat' dir='ltr'>,Divinus</span> <span class='ocrx_word' id='word_1_316' title='bbox 1824 2124 1968 2165; x_wconf 87' lang='lat' dir='ltr'>amor,</span> <span class='ocrx_word' id='word_1_317' title='bbox 1991 2124 2047 2156; x_wconf 85' lang='lat' dir='ltr'>ex</span> <span class='ocrx_word' id='word_1_318' title='bbox 2064 2126 2163 2174; x_wconf 90' lang='lat' dir='ltr'>quo</span> <span class='ocrx_word' id='word_1_319' title='bbox 2183 2111 2361 2159; x_wconf 88' lang='lat' dir='ltr'>bonum</span> 
     </span>
     <span class='ocr_line' id='line_1_29' title="bbox 393 2173 2363 2243; baseline 0.001 -19"><span class='ocrx_word' id='word_1_320' title='bbox 393 2178 589 2236; x_wconf 77' lang='lat' dir='ltr'>homini,</span> <span class='ocrx_word' id='word_1_321' title='bbox 627 2179 708 2242; x_wconf 86' lang='lat' dir='ltr'>qui</span> <span class='ocrx_word' id='word_1_322' title='bbox 743 2178 806 2226; x_wconf 88' lang='lat' dir='ltr'>est</span> <span class='ocrx_word' id='word_1_323' title='bbox 842 2180 888 2225; x_wconf 91' lang='lat' dir='ltr'>in</span> <span class='ocrx_word' id='word_1_324' title='bbox 921 2177 1036 2226; x_wconf 85' lang='lat' dir='ltr'>statu</span> <span class='ocrx_word' id='word_1_325' title='bbox 1060 2177 1269 2234; x_wconf 82' lang='lat' dir='ltr'>miseriae,</span> <span class='ocrx_word' id='word_1_326' title='bbox 1304 2174 1413 2243; x_wconf 82' lang='lat' dir='ltr'>quia</span> <span class='ocrx_word' id='word_1_327' title='bbox 1438 2187 1560 2222; x_wconf 84' lang='lat' dir='ltr'>totus</span> <span class='ocrx_word' id='word_1_328' title='bbox 1581 2189 1645 2224; x_wconf 73' lang='lat' dir='ltr'>ex</span> <span class='ocrx_word' id='word_1_329' title='bbox 1664 2178 1706 2223; x_wconf 83' lang='lat' dir='ltr'>le</span> <span class='ocrx_word' id='word_1_330' title='bbox 1726 2174 1774 2222; x_wconf 90' lang='lat' dir='ltr'>in·</span> <span class='ocrx_word' id='word_1_331' title='bbox 1790 2173 1981 2225; x_wconf 80' lang='lat' dir='ltr'>malo&amp;</span> <span class='ocrx_word' id='word_1_332' title='bbox 2006 2175 2052 2224; x_wconf 87' lang='lat' dir='ltr'>in</span> <span class='ocrx_word' id='word_1_333' title='bbox 2072 2175 2263 2235; x_wconf 90' lang='lat' dir='ltr'>inferno,</span> <span class='ocrx_word' id='word_1_334' title='bbox 2298 2176 2363 2226; x_wconf 86' lang='lat' dir='ltr'>est</span> 
     </span>
     <span class='ocr_line' id='line_1_30' title="bbox 392 2243 2223 2293; baseline 0.002 0"><span class='ocrx_word' id='word_1_335' title='bbox 392 2243 720 2293; x_wconf 83' lang='lat' dir='ltr'>Misericordia.</span> <span class='ocrx_word' id='word_1_336' title='bbox 1021 2250 1039 2284; x_wconf 64' lang='grc' dir='ltr'><strong>ἶ</strong></span> <span class='ocrx_word' id='word_1_337' title='bbox 1194 2249 1197 2251; x_wconf 78' lang='grc'><strong>’</strong></span> <span class='ocrx_word' id='word_1_338' title='bbox 1516 2291 1519 2293; x_wconf 76' lang='grc'><strong><em>,</em></strong></span> <span class='ocrx_word' id='word_1_339' title='bbox 2219 2265 2223 2269; x_wconf 64' lang='grc'><strong>“</strong></span> 
     </span>
    </p>

    <p class='ocr_par' dir='ltr' id='par_1_6' title="bbox 388 2306 2391 2839">
     <span class='ocr_line' id='line_1_31' title="bbox 460 2306 2365 2376; baseline -0.001 -19"><span class='ocrx_word' id='word_1_340' title='bbox 460 2311 605 2375; x_wconf 90' lang='grc'><strong><em>8677.</em></strong></span> <span class='ocrx_word' id='word_1_341' title='bbox 645 2312 786 2359; x_wconf 90' lang='lat' dir='ltr'>Nunc</span> <span class='ocrx_word' id='word_1_342' title='bbox 805 2312 914 2359; x_wconf 91' lang='lat' dir='ltr'>novi</span> <span class='ocrx_word' id='word_1_343' title='bbox 936 2310 1057 2376; x_wconf 89' lang='lat' dir='ltr'>quod</span> <span class='ocrx_word' id='word_1_344' title='bbox 1075 2310 1491 2375; x_wconf 85' lang='lat' dir='ltr'>magnus-Jehovah</span> <span class='ocrx_word' id='word_1_345' title='bbox 1511 2324 1607 2374; x_wconf 87' lang='lat' dir='ltr'>prae</span> <span class='ocrx_word' id='word_1_346' title='bbox 1623 2308 1839 2357; x_wconf 91' lang='lat' dir='ltr'>omnibus</span> <span class='ocrx_word' id='word_1_347' title='bbox 1855 2307 1960 2366; x_wconf 82' lang='lat' dir='ltr'>diis,</span> <span class='ocrx_word' id='word_1_348' title='bbox 1984 2307 2113 2372; x_wconf 89' lang='lat' dir='ltr'>quod</span> <span class='ocrx_word' id='word_1_349' title='bbox 2137 2306 2365 2370; x_wconf 71' lang='lat' dir='ltr'>fignificet</span> 
     </span>
     <span class='ocr_line' id='line_1_32' title="bbox 391 2375 2368 2443; baseline -0.001 -19"><span class='ocrx_word' id='word_1_350' title='bbox 391 2376 669 2434; x_wconf 85' lang='lat' dir='ltr'>Dominum,</span> <span class='ocrx_word' id='word_1_351' title='bbox 704 2377 831 2442; x_wconf 82' lang='lat' dir='ltr'>quod</span> <span class='ocrx_word' id='word_1_352' title='bbox 872 2378 1015 2426; x_wconf 83' lang='lat' dir='ltr'>nullus</span> <span class='ocrx_word' id='word_1_353' title='bbox 1039 2379 1168 2426; x_wconf 88' lang='lat' dir='ltr'>Deus</span> <span class='ocrx_word' id='word_1_354' title='bbox 1197 2391 1359 2443; x_wconf 72' lang='lat' dir='ltr'>praeter</span> <span class='ocrx_word' id='word_1_355' title='bbox 1382 2377 1556 2440; x_wconf 88' lang='lat' dir='ltr'>Ipsum,</span> <span class='ocrx_word' id='word_1_356' title='bbox 1591 2375 1763 2423; x_wconf 88' lang='lat' dir='ltr'>constat</span> <span class='ocrx_word' id='word_1_357' title='bbox 1799 2390 1866 2423; x_wconf 77' lang='lat' dir='ltr'>ex.</span> <span class='ocrx_word' id='word_1_358' title='bbox 1889 2375 1975 2423; x_wconf 90' lang='lat' dir='ltr'>illis</span> <span class='ocrx_word' id='word_1_359' title='bbox 1995 2390 2101 2440; x_wconf 82' lang='lat' dir='ltr'>quae</span> <span class='ocrx_word' id='word_1_360' title='bbox 2125 2390 2186 2421; x_wconf 86' lang='lat' dir='ltr'>n:</span> <span class='ocrx_word' id='word_1_361' title='bbox 2214 2389 2368 2438; x_wconf 47' lang='lat'>7401»,</span> 
     </span>
     <span class='ocr_line' id='line_1_33' title="bbox 395 2441 2391 2508; baseline 0.001 -19"><span class='ocrx_word' id='word_1_362' title='bbox 395 2457 538 2505; x_wconf 70' lang='lat'>7444.</span> <span class='ocrx_word' id='word_1_363' title='bbox 571 2458 714 2504; x_wconf 85' lang='lat'>7544.</span> <span class='ocrx_word' id='word_1_364' title='bbox 739 2447 882 2508; x_wconf 85' lang='lat'>7598.</span> <span class='ocrx_word' id='word_1_365' title='bbox 902 2443 1044 2506; x_wconf 85' lang='lat'>7636.</span> <span class='ocrx_word' id='word_1_366' title='bbox 1068 2447 1214 2507; x_wconf 71' lang='lat'>8274,</span> <span class='ocrx_word' id='word_1_367' title='bbox 1249 2445 1371 2492; x_wconf 64' lang='lat' dir='ltr'>dista</span> <span class='ocrx_word' id='word_1_368' title='bbox 1393 2444 1443 2492; x_wconf 75' lang='grc' dir='ltr'>ὅτ</span> <span class='ocrx_word' id='word_1_369' title='bbox 1461 2442 1638 2490; x_wconf 75' lang='lat' dir='ltr'>ostensa</span> <span class='ocrx_word' id='word_1_370' title='bbox 1655 2441 1770 2491; x_wconf 84' lang='lat' dir='ltr'>sunt.</span> <span class='ocrx_word' id='word_1_371' title='bbox 2119 2491 2122 2497; x_wconf 82' lang='grc'><strong>,</strong></span> <span class='ocrx_word' id='word_1_372' title='bbox 2356 2446 2391 2505; x_wconf 20' lang='lat' dir='ltr'>r&#39;</span> 
     </span>
     <span class='ocr_line' id='line_1_34' title="bbox 394 2506 2373 2574; baseline 0.002 -20"><span class='ocrx_word' id='word_1_373' title='bbox 394 2547 400 2554; x_wconf 80' lang='lat'>.</span> <span class='ocrx_word' id='word_1_374' title='bbox 461 2509 604 2573; x_wconf 82' lang='lat'>8678.</span> <span class='ocrx_word' id='word_1_375' title='bbox 642 2509 1044 2574; x_wconf 63' lang='lat' dir='ltr'>Qia&#39;eapropter</span> <span class='ocrx_word' id='word_1_376' title='bbox 1073 2511 1198 2573; x_wconf 90' lang='lat' dir='ltr'>quod</span> <span class='ocrx_word' id='word_1_377' title='bbox 1232 2508 1562 2573; x_wconf 80' lang='lat' dir='ltr'>superbiverint</span> <span class='ocrx_word' id='word_1_378' title='bbox 1585 2507 1859 2572; x_wconf 70' lang='lat' dir='ltr'>super-illos,</span> <span class='ocrx_word' id='word_1_379' title='bbox 1894 2506 2021 2571; x_wconf 90' lang='lat' dir='ltr'>quod</span> <span class='ocrx_word' id='word_1_380' title='bbox 2058 2507 2278 2569; x_wconf 82' lang='lat' dir='ltr'>fignificat</span> <span class='ocrx_word' id='word_1_381' title='bbox 2298 2506 2373 2557; x_wconf 74' lang='lat' dir='ltr'>ob·</span> 
     </span>
     <span class='ocr_line' id='line_1_35' title="bbox 388 2573 2367 2640; baseline 0.001 -20"><span class='ocrx_word' id='word_1_382' title='bbox 388 2588 602 2622; x_wconf 72' lang='lat' dir='ltr'>conatum</span> <span class='ocrx_word' id='word_1_383' title='bbox 622 2577 678 2627; x_wconf 71' lang='grc' dir='ltr'>δε,</span> <span class='ocrx_word' id='word_1_384' title='bbox 695 2575 793 2622; x_wconf 88' lang='lat' dir='ltr'>vim</span> <span class='ocrx_word' id='word_1_385' title='bbox 814 2575 1083 2624; x_wconf 86' lang='lat' dir='ltr'>dominandi</span> <span class='ocrx_word' id='word_1_386' title='bbox 1112 2575 1242 2640; x_wconf 88' lang='lat' dir='ltr'>super</span> <span class='ocrx_word' id='word_1_387' title='bbox 1265 2577 1365 2625; x_wconf 84' lang='lat' dir='ltr'>illos</span> <span class='ocrx_word' id='word_1_388' title='bbox 1382 2579 1461 2640; x_wconf 87' lang='lat' dir='ltr'>qui</span> <span class='ocrx_word' id='word_1_389' title='bbox 1484 2576 1543 2622; x_wconf 90' lang='lat' dir='ltr'>ab</span> <span class='ocrx_word' id='word_1_390' title='bbox 1559 2574 1778 2631; x_wconf 74' lang='lat' dir='ltr'>Ecclesia,</span> <span class='ocrx_word' id='word_1_391' title='bbox 1799 2574 1973 2622; x_wconf 85' lang='lat' dir='ltr'>constat</span> <span class='ocrx_word' id='word_1_392' title='bbox 1993 2589 2050 2621; x_wconf 88' lang='lat' dir='ltr'>ex</span> <span class='ocrx_word' id='word_1_393' title='bbox 2073 2573 2367 2635; x_wconf 69' lang='lat' dir='ltr'>significatio-</span> 
     </span>
     <span class='ocr_line' id='line_1_36' title="bbox 391 2640 2364 2704; baseline 0 -16"><span class='ocrx_word' id='word_1_394' title='bbox 391 2656 450 2688; x_wconf 89' lang='lat' dir='ltr'>ne</span> <span class='ocrx_word' id='word_1_395' title='bbox 475 2641 724 2703; x_wconf 78' lang='lat' dir='ltr'>superbire,</span> <span class='ocrx_word' id='word_1_396' title='bbox 754 2644 881 2704; x_wconf 75' lang='lat' dir='ltr'>quod</span> <span class='ocrx_word' id='word_1_397' title='bbox 907 2641 960 2689; x_wconf 86' lang='lat' dir='ltr'>fit</span> <span class='ocrx_word' id='word_1_398' title='bbox 981 2654 1169 2690; x_wconf 87' lang='lat' dir='ltr'>conatus</span> <span class='ocrx_word' id='word_1_399' title='bbox 1190 2644 1240 2691; x_wconf 77' lang='grc' dir='ltr'>ὅτ</span> <span class='ocrx_word' id='word_1_400' title='bbox 1264 2645 1333 2690; x_wconf 86' lang='lat' dir='ltr'>vis</span> <span class='ocrx_word' id='word_1_401' title='bbox 1351 2640 1639 2698; x_wconf 87' lang='lat' dir='ltr'>dominandi,</span> <span class='ocrx_word' id='word_1_402' title='bbox 1672 2641 1729 2689; x_wconf 91' lang='lat' dir='ltr'>de</span> <span class='ocrx_word' id='word_1_403' title='bbox 1753 2655 1846 2704; x_wconf 79' lang='lat' dir='ltr'>qua</span> <span class='ocrx_word' id='word_1_404' title='bbox 1869 2640 2071 2704; x_wconf 86' lang='lat' dir='ltr'>sequitur</span> <span class='ocrx_word' id='word_1_405' title='bbox 2092 2662 2106 2696; x_wconf 78' lang='lat'><em>3</em></span> <span class='ocrx_word' id='word_1_406' title='bbox 2141 2640 2191 2688; x_wconf 87' lang='lat'>&amp;</span> <span class='ocrx_word' id='word_1_407' title='bbox 2214 2655 2272 2688; x_wconf 87' lang='lat' dir='ltr'>ex</span> <span class='ocrx_word' id='word_1_408' title='bbox 2292 2655 2364 2689; x_wconf 75' lang='lat' dir='ltr'>re-</span> 
     </span>
     <span class='ocr_line' id='line_1_37' title="bbox 391 2705 2362 2773; baseline 0.001 -20"><span class='ocrx_word' id='word_1_409' title='bbox 391 2707 734 2770; x_wconf 79' lang='lat' dir='ltr'>praesentatione</span> <span class='ocrx_word' id='word_1_410' title='bbox 753 2707 954 2755; x_wconf 79' lang='lat' dir='ltr'>filiorum</span> <span class='ocrx_word' id='word_1_411' title='bbox 979 2707 1163 2763; x_wconf 85' lang='lat' dir='ltr'>Israelis,</span> <span class='ocrx_word' id='word_1_412' title='bbox 1198 2708 1279 2773; x_wconf 83' lang='lat' dir='ltr'>qui</span> <span class='ocrx_word' id='word_1_413' title='bbox 1305 2709 1406 2757; x_wconf 89' lang='lat' dir='ltr'>sunt</span> <span class='ocrx_word' id='word_1_414' title='bbox 1429 2707 1491 2755; x_wconf 87' lang='lat' dir='ltr'>illi</span> <span class='ocrx_word' id='word_1_415' title='bbox 1525 2706 1660 2770; x_wconf 81' lang='lat' dir='ltr'>super</span> <span class='ocrx_word' id='word_1_416' title='bbox 1692 2722 1812 2768; x_wconf 87' lang='lat' dir='ltr'>quos</span> <span class='ocrx_word' id='word_1_417' title='bbox 1834 2707 2195 2770; x_wconf 78' lang='lat' dir='ltr'>superbiverunt,</span> <span class='ocrx_word' id='word_1_418' title='bbox 2230 2705 2362 2770; x_wconf 84' lang='lat' dir='ltr'>quod</span> 
     </span>
     <span class='ocr_line' id='line_1_38' title="bbox 390 2770 2362 2839; baseline -0.001 -19"><span class='ocrx_word' id='word_1_419' title='bbox 390 2774 476 2820; x_wconf 74' lang='lat' dir='ltr'>lint</span> <span class='ocrx_word' id='word_1_420' title='bbox 499 2774 578 2836; x_wconf 89' lang='lat' dir='ltr'>qui</span> <span class='ocrx_word' id='word_1_421' title='bbox 617 2774 677 2821; x_wconf 86' lang='lat' dir='ltr'>ab</span> <span class='ocrx_word' id='word_1_422' title='bbox 702 2772 915 2820; x_wconf 81' lang='lat' dir='ltr'>Ecclesia</span> <span class='ocrx_word' id='word_1_423' title='bbox 954 2773 1188 2836; x_wconf 83' lang='lat' dir='ltr'>spirituali,</span> <span class='ocrx_word' id='word_1_424' title='bbox 1239 2775 1297 2821; x_wconf 89' lang='lat' dir='ltr'>de</span> <span class='ocrx_word' id='word_1_425' title='bbox 1319 2790 1405 2839; x_wconf 90' lang='lat' dir='ltr'>qua</span> <span class='ocrx_word' id='word_1_426' title='bbox 1430 2774 1562 2836; x_wconf 83' lang='lat' dir='ltr'>supra</span> <span class='ocrx_word' id='word_1_427' title='bbox 1586 2790 1612 2820; x_wconf 90' lang='lat' dir='ltr'>n</span> <span class='ocrx_word' id='word_1_428' title='bbox 1633 2790 1645 2820; x_wconf 80' lang='lat' dir='ltr'><strong><em>z</em></strong></span> <span class='ocrx_word' id='word_1_429' title='bbox 1675 2774 1817 2836; x_wconf 86' lang='lat'>8645.</span> <span class='ocrx_word' id='word_1_430' title='bbox 1889 2773 2031 2831; x_wconf 88' lang='lat' dir='ltr'>Quod</span> <span class='ocrx_word' id='word_1_431' title='bbox 2055 2770 2283 2836; x_wconf 85' lang='lat' dir='ltr'>superbire</span> <span class='ocrx_word' id='word_1_432' title='bbox 2305 2771 2362 2819; x_wconf 75' lang='lat' dir='ltr'>fit</span> 
     </span>
    </p>

    <p class='ocr_par' dir='ltr' id='par_1_7' title="bbox 340 2836 2387 3289">
     <span class='ocr_line' id='line_1_39' title="bbox 340 2836 2361 2905; baseline -0 -20"><span class='ocrx_word' id='word_1_433' title='bbox 340 2868 344 2872; x_wconf 94' lang='lat'><em>-</em></span> <span class='ocrx_word' id='word_1_434' title='bbox 389 2852 574 2888; x_wconf 87' lang='lat' dir='ltr'>conatus</span> <span class='ocrx_word' id='word_1_435' title='bbox 595 2841 644 2888; x_wconf 86' lang='lat'>&amp;</span> <span class='ocrx_word' id='word_1_436' title='bbox 670 2839 738 2885; x_wconf 87' lang='lat' dir='ltr'>vis</span> <span class='ocrx_word' id='word_1_437' title='bbox 759 2838 1053 2897; x_wconf 87' lang='lat' dir='ltr'>dominandi,</span> <span class='ocrx_word' id='word_1_438' title='bbox 1084 2840 1149 2887; x_wconf 86' lang='lat' dir='ltr'>est</span> <span class='ocrx_word' id='word_1_439' title='bbox 1170 2840 1276 2905; x_wconf 83' lang='lat' dir='ltr'>quia</span> <span class='ocrx_word' id='word_1_440' title='bbox 1302 2840 1374 2888; x_wconf 85' lang='lat' dir='ltr'>ille</span> <span class='ocrx_word' id='word_1_441' title='bbox 1396 2840 1655 2887; x_wconf 70' lang='lat' dir='ltr'>conatus&amp;</span> <span class='ocrx_word' id='word_1_442' title='bbox 1677 2840 1782 2886; x_wconf 90' lang='lat' dir='ltr'>inde</span> <span class='ocrx_word' id='word_1_443' title='bbox 1816 2839 1884 2886; x_wconf 80' lang='lat' dir='ltr'>vis</span> <span class='ocrx_word' id='word_1_444' title='bbox 1913 2836 2182 2887; x_wconf 47' lang='lat' dir='ltr'>inestsomni</span> <span class='ocrx_word' id='word_1_445' title='bbox 2206 2836 2361 2900; x_wconf 82' lang='lat' dir='ltr'>super—-</span> 
     </span>
     <span class='ocr_line' id='line_1_40' title="bbox 389 2902 2361 2970; baseline 0 -19"><span class='ocrx_word' id='word_1_446' title='bbox 389 2906 496 2960; x_wconf 80' lang='lat' dir='ltr'>biae,</span> <span class='ocrx_word' id='word_1_447' title='bbox 533 2904 736 2969; x_wconf 85' lang='lat' dir='ltr'>superbia</span> <span class='ocrx_word' id='word_1_448' title='bbox 757 2904 882 2952; x_wconf 81' lang='lat' dir='ltr'>enim</span> <span class='ocrx_word' id='word_1_449' title='bbox 906 2905 974 2952; x_wconf 86' lang='lat' dir='ltr'>est</span> <span class='ocrx_word' id='word_1_450' title='bbox 992 2906 1206 2962; x_wconf 81' lang='lat' dir='ltr'>amarese</span> <span class='ocrx_word' id='word_1_451' title='bbox 1246 2922 1344 2970; x_wconf 88' lang='lat' dir='ltr'>prae</span> <span class='ocrx_word' id='word_1_452' title='bbox 1374 2906 1485 2962; x_wconf 88' lang='lat' dir='ltr'>aliis,</span> <span class='ocrx_word' id='word_1_453' title='bbox 1540 2905 1676 2969; x_wconf 85' lang='lat' dir='ltr'>seque</span> <span class='ocrx_word' id='word_1_454' title='bbox 1706 2905 1790 2953; x_wconf 90' lang='lat' dir='ltr'>illis</span> <span class='ocrx_word' id='word_1_455' title='bbox 1814 2905 2023 2969; x_wconf 65' lang='lat' dir='ltr'>praeferre</span> <span class='ocrx_word' id='word_1_456' title='bbox 2044 2903 2093 2951; x_wconf 86' lang='lat'>&amp;</span> <span class='ocrx_word' id='word_1_457' title='bbox 2119 2902 2235 2949; x_wconf 83' lang='lat' dir='ltr'>velle</span> <span class='ocrx_word' id='word_1_458' title='bbox 2257 2903 2361 2951; x_wconf 83' lang='lat' dir='ltr'>aliis</span> 
     </span>
     <span class='ocr_line' id='line_1_41' title="bbox 391 2969 2359 3036; baseline 0.001 -21"><span class='ocrx_word' id='word_1_459' title='bbox 391 2970 614 3032; x_wconf 79' lang='lat' dir='ltr'>imperare</span> <span class='ocrx_word' id='word_1_460' title='bbox 633 2992 648 3026; x_wconf 75' lang='lat'>3</span> <span class='ocrx_word' id='word_1_461' title='bbox 683 2971 732 3019; x_wconf 85' lang='lat'>&amp;</span> <span class='ocrx_word' id='word_1_462' title='bbox 749 2970 830 3034; x_wconf 88' lang='lat' dir='ltr'>qui</span> <span class='ocrx_word' id='word_1_463' title='bbox 850 2970 937 3017; x_wconf 78' lang='lat' dir='ltr'>lioc</span> <span class='ocrx_word' id='word_1_464' title='bbox 958 2972 1140 3029; x_wconf 83' lang='lat' dir='ltr'>volunt,</span> <span class='ocrx_word' id='word_1_465' title='bbox 1174 2973 1319 3022; x_wconf 84' lang='lat' dir='ltr'>etiam</span> <span class='ocrx_word' id='word_1_466' title='bbox 1335 2970 1766 3024; x_wconf 74' lang='lat' dir='ltr'>comemnunt.alios</span> <span class='ocrx_word' id='word_1_467' title='bbox 1784 2987 1879 3036; x_wconf 87' lang='lat' dir='ltr'>prae</span> <span class='ocrx_word' id='word_1_468' title='bbox 1897 2970 1957 3028; x_wconf 79' lang='lat' dir='ltr'>se,</span> <span class='ocrx_word' id='word_1_469' title='bbox 1991 2969 2040 3018; x_wconf 86' lang='lat'>&amp;</span> <span class='ocrx_word' id='word_1_470' title='bbox 2056 2983 2244 3033; x_wconf 86' lang='lat' dir='ltr'>quoque</span> <span class='ocrx_word' id='word_1_471' title='bbox 2258 2985 2359 3034; x_wconf 86' lang='lat' dir='ltr'>per·-</span> 
     </span>
     <span class='ocr_line' id='line_1_42' title="bbox 391 3035 2373 3103; baseline 0.002 -21"><span class='ocrx_word' id='word_1_472' title='bbox 391 3036 632 3098; x_wconf 81' lang='lat' dir='ltr'>sequuntur</span> <span class='ocrx_word' id='word_1_473' title='bbox 647 3052 709 3094; x_wconf 79' lang='lat' dir='ltr'>¹ex</span> <span class='ocrx_word' id='word_1_474' title='bbox 731 3037 840 3083; x_wconf 86' lang='lat' dir='ltr'>odio</span> <span class='ocrx_word' id='word_1_475' title='bbox 873 3036 923 3084; x_wconf 77' lang='grc' dir='ltr'>ὅτ</span> <span class='ocrx_word' id='word_1_476' title='bbox 961 3038 1164 3088; x_wconf 52' lang='lat' dir='ltr'>vindicta</span> <span class='ocrx_word' id='word_1_477' title='bbox 1186 3039 1286 3088; x_wconf 87' lang='lat' dir='ltr'>illos</span> <span class='ocrx_word' id='word_1_478' title='bbox 1308 3039 1390 3103; x_wconf 89' lang='lat' dir='ltr'>qui</span> <span class='ocrx_word' id='word_1_479' title='bbox 1417 3037 1458 3086; x_wconf 91' lang='lat' dir='ltr'>se</span> <span class='ocrx_word' id='word_1_480' title='bbox 1481 3037 1748 3102; x_wconf 84' lang='lat' dir='ltr'>praeferunt,</span> <span class='ocrx_word' id='word_1_481' title='bbox 1780 3049 1866 3086; x_wconf 77' lang='lat' dir='ltr'>aut·</span> <span class='ocrx_word' id='word_1_482' title='bbox 1893 3051 1984 3084; x_wconf 86' lang='lat' dir='ltr'>non</span> <span class='ocrx_word' id='word_1_483' title='bbox 2006 3035 2199 3089; x_wconf 87' lang='lat' dir='ltr'>colunt;</span> <span class='ocrx_word' id='word_1_484' title='bbox 2234 3050 2373 3085; x_wconf 73' lang='lat' dir='ltr'>amor</span> 
     </span>
     <span class='ocr_line' id='line_1_43' title="bbox 387 3101 2367 3169; baseline 0.001 -21"><span class='ocrx_word' id='word_1_485' title='bbox 387 3102 470 3156; x_wconf 78' lang='lat' dir='ltr'>sui,</span> <span class='ocrx_word' id='word_1_486' title='bbox 505 3103 583 3165; x_wconf 87' lang='lat' dir='ltr'>qui</span> <span class='ocrx_word' id='word_1_487' title='bbox 604 3103 666 3150; x_wconf 88' lang='lat' dir='ltr'>est</span> <span class='ocrx_word' id='word_1_488' title='bbox 685 3101 898 3166; x_wconf 53' lang='lat' dir='ltr'>superbia,</span> <span class='ocrx_word' id='word_1_489' title='bbox 934 3102 996 3149; x_wconf 79' lang='lat' dir='ltr'>est</span> <span class='ocrx_word' id='word_1_490' title='bbox 1021 3106 1137 3162; x_wconf 81' lang='lat' dir='ltr'>talis,</span> <span class='ocrx_word' id='word_1_491' title='bbox 1170 3117 1221 3153; x_wconf 90' lang='lat' dir='ltr'>ut</span> <span class='ocrx_word' id='word_1_492' title='bbox 1241 3118 1464 3169; x_wconf 88' lang='lat' dir='ltr'>quantum</span> <span class='ocrx_word' id='word_1_493' title='bbox 1489 3104 1529 3151; x_wconf 90' lang='lat' dir='ltr'>ei</span> <span class='ocrx_word' id='word_1_494' title='bbox 1551 3103 1770 3151; x_wconf 82' lang='lat' dir='ltr'>relaxatur</span> <span class='ocrx_word' id='word_1_495' title='bbox 1789 3103 2005 3160; x_wconf 82' lang='lat' dir='ltr'>fraenum,</span> <span class='ocrx_word' id='word_1_496' title='bbox 2041 3113 2226 3150; x_wconf 82' lang='lat' dir='ltr'>tantum</span> <span class='ocrx_word' id='word_1_497' title='bbox 2239 3113 2367 3161; x_wconf 83' lang='lat' dir='ltr'>ruat,</span> 
     </span>
     <span class='ocr_line' id='line_1_44' title="bbox 382 3166 2372 3284; baseline 0.001 -68"><span class='ocrx_word' id='word_1_498' title='bbox 382 3168 623 3218; x_wconf 84' lang='lat' dir='ltr'>crescendo</span> <span class='ocrx_word' id='word_1_499' title='bbox 645 3169 701 3217; x_wconf 86' lang='lat' dir='ltr'>ad</span> <span class='ocrx_word' id='word_1_500' title='bbox 724 3168 933 3232; x_wconf 84' lang='lat' dir='ltr'>quemvis</span> <span class='ocrx_word' id='word_1_501' title='bbox 954 3171 1148 3232; x_wconf 86' lang='lat' dir='ltr'>gradum</span> <span class='ocrx_word' id='word_1_502' title='bbox 1174 3173 1297 3222; x_wconf 79' lang='lat' dir='ltr'>datae</span> <span class='ocrx_word' id='word_1_503' title='bbox 1317 3169 1633 3239; x_wconf 41' lang='lat' dir='ltr'>possibilitati&amp;</span> <span class='ocrx_word' id='word_1_504' title='bbox 1667 3168 1812 3235; x_wconf 85' lang='lat' dir='ltr'>usque</span> <span class='ocrx_word' id='word_1_505' title='bbox 1830 3170 2020 3220; x_wconf 83' lang='lat' dir='ltr'>tandem</span> <span class='ocrx_word' id='word_1_506' title='bbox 2038 3167 2101 3218; x_wconf 81' lang='lat' dir='ltr'>ad</span> <span class='ocrx_word' id='word_1_507' title='bbox 2122 3166 2272 3284; x_wconf 35' lang='grc' dir='ltr'>ἣρωσι).</span> <span class='ocrx_word' id='word_1_508' title='bbox 2295 3170 2372 3218; x_wconf 76' lang='lat' dir='ltr'>sor</span> 
     </span>
     <span class='ocr_line' id='line_1_45' title="bbox 2261 3250 2387 3289; baseline -0.008 0"><span class='ocrx_word' id='word_1_509' title='bbox 2261 3250 2387 3289; x_wconf 55' lang='lat' dir='ltr'>lum</span> 
     </span>
    </p>
   </div>
  </div>
 </body>
</html>
