2722 3684
578 168 581 171 ’
676 159 979 224 CAPUT
1014 143 1515 244 VIGESIMU'M
1564 156 2001 222 TERTIUM.
2218 184 2347 244 421

367 284 548 344 minem
573 318 589 342 ‚
619 282 677 332 ὅτ
697 294 933 346 appatens,
985 281 1100 330 ficut
1135 281 1344 345 gratiam,
1387 280 1615 338 favorem,
1648 280 2036 339 benevolentiam,
2073 298 2232 347 opem,
2270 284 2347 334 be-

364 350 601 408 aeficium,
628 350 894 413 &quoque
930 348 1292 405 indementiam,
1326 349 1467 408 iram„
1495 346 1747 394 vindictam
1770 368 1785 401 ;
1821 348 1928 394 inde
1947 349 2030 405 est,
2067 352 2196 414 quod
2222 353 2267 399 in
2292 369 2346 402 ea

364 418 553 479 Lingua
590 431 698 474 oum
726 413 1031 479 *adjundtim'ffi
1079 413 1305 477 fignificat
1338 411 1483 476 juxta,
1519 413 1679 476 apud,
1735 428 1910 470 comm,
1964 430 2168 478 propter,
2204 431 2256 464 ut
2290 420 2342 467 &

358 495 532 537 contra,
569 482 630 529 ita
652 478 872 545 quicquid
895 482 945 527 fin
971 480 1084 544 ipso,
1120 496 1177 528 ex
1194 480 1309 543 ipso,
1347 495 1432 543 pro
1456 479 1568 544 ipso,
1604 481 1830 535 &contra
1854 481 2022 544 ipsum,
2059 498 2164 542 nam
2190 484 2346 541 facies,

359 560 415 597 m
437 548 639 608 diffluum
681 546 862 610 est-ipse
886 546 1047 604 imo,
1084 547 1158 594 seu
1178 546 1294 594 illud
1317 546 1447 611 quod
1470 545 1649 593 homini
1676 545 1802 602 inest,
1839 548 1889 595 ὅτ
1912 560 2115 610 apparet.
2170 549 2245 596 Ex
2270 550 2346 599 his

359 613 458 662 sciri
498 613 659 675 potest,
695 613 809 676 quid
843 628 924 675 per
962 611 1123 660 faciem
1158 612 1371 672 jehovae,
1406 612 1482 659 feu
1521 627 1600 674 per
1630 611 1796 660 faciem
1819 613 2010 676 Angeli,
2046 615 2123 677 qui
2164 615 2236 661 hic
2273 616 2340 663 est

361 680 596 729 Dominus
629 679 783 743 quoad
811 678 1039 726 Divinum
1067 679 1364 735 Humanum,
1415 677 1708 741 significatur,
1743 680 1868 742 quod
1911 693 2075 743 nempe
2110 680 2340 733 Divinum

358 746 539 792 Bonum
565 745 730 792 Divini
753 745 961 801 Amoris,
1011 745 1061 801 ὃς
1089 744 1319 797 Divinum
1338 745 1531 802 Verum,
1565 759 1621 790 ex
1638 744 1813 791 Divino
1833 745 1910 792 illo
1929 746 2073 802 Bono,
2109 763 2214 794 nam
2239 748 2344 794 haecv

363 811 469 858 sunt
494 810 539 857 in
562 809 773 871 Jehovah
796 810 869 858 seu
893 810 1126 866 Domino,
1159 810 1211 856 δε
1231 825 1290 857 ex
1316 809 1437 872 Ipso,
1488 810 1585 857 imo
1608 811 1710 867 sunt
1728 810 1845 874 Ipse,
1896 812 2110 860 videatur
2129 829 2156 859 n
2178 830 2191 859 :
2218 827 2334 861 222.

362 892 473 939 223.
501 880 627 938 5585
650 898 665 931 ς
718 875 825 922 inde
847 889 969 938 patet
1005 875 1121 939 quid
1158 875 1436 937 significatur
1457 889 1539 938 per
1562 874 1694 922 facies
1716 876 1915 938 Jehovae
1940 877 1983 924 in
2010 878 2336 927 Benediffione

357 950 394 974 ‘⁶
422 945 586 991 Lucere
596 942 745 1006 faciat
777 942 980 1004 Jehovah
1004 943 1149 1005 facies
1168 941 1274 1003 ficas
1302 941 1364 988 ad
1382 950 1400 988 t
1475 942 1526 988 ὅτ
1550 941 1810 989 miscreatur
1837 944 1900 990 tui
1922 959 1934 990 ε
1970 943 2103 991 elevet
2132 945 2342 1006 Jehovab

343 1011 487 1073 factes
500 1009 608 1070 suas
629 1007 692 1055 ad
709 1017 781 1065 te„
801 1009 854 1056 δε
877 1021 1016 1071 ponat
1038 1007 1120 1055 tibi
1147 1020 1303 1070 pacem
1322 1006 1356 1031 ’'
1391 958 1551 1054 gum:
1577 1022 1628 1053 vr
1672 1023 1746 1070 25.
1775 1009 1853 1056 26.
1923 1009 2069 1071 Apud
2101 1011 2337 1058 Davidem

358 1083 391 1110 ‘-‘
413 1075 538 1121 Deus
562 1074 816 1122 misereatur
850 1074 1008 1128 nostri,
1055 1075 1102 1121 &
1131 1073 1366 1121 benedicat
1389 1073 1535 1128 nobi3‚
1572 1073 1867 1133 lucerefaciat
1876 1075 2021 1138 facies
2039 1079 2143 1137 suas
2167 1076 2280 1124 nobis
2298 1075 2339 1095 '’

271 1158 274 1160 ’
354 1140 533 1188 Psalm:
560 1154 726 1188 txvn:
754 1155 780 1188 2
804 1160 819 1194 ς
867 1142 1034 1201 pariter
1057 1138 1231 1186 Psalm:
1257 1154 1407 1186 Lxxxx
1431 1156 1478 1198 4.
1508 1141 1551 1185 8.
1579 1153 1657 1186 20.
1711 1139 1890 1186 Psalm:
1916 1155 2051 1188 cxix:
2085 1157 2191 1203 134·
2223 1158 2332 1206 135·

360 1207 494 1254 Dan:
527 1220 582 1254 v:
614 1220 688 1270 17,
725 1206 775 1253 &
799 1205 921 1253 alibi.
989 1204 1102 1252 Inde
1125 1203 1189 1250 est
1212 1205 1338 1269 quod
1364 1205 1594 1251 Dominus
1616 1205 1769 1266 quoad
1794 1206 2022 1253 Divinum
2050 1207 2348 1256 Humanum·

354 1272 530 1318 dicatur
553 1272 763 1333 Angelus
781 1270 995 1318 facierum
1014 1270 1225 1331 Jehovae,
1251 1270 1374 1333 apud
1396 1269 1574 1316 Esaiam
1613 1278 1645 1299 ‘⁶
1666 1270 2000 1319 Misericordias
2016 1272 2209 1332 Jehovae
2233 1289 2335 1321 me-

358 1352 537 1385 morare
562 1336 742 1392 faciam,
778 1337 991 1385 retribuet
1010 1339 1072 1386 eis
1096 1337 1340 1383 secundum
1360 1334 1694 1383 Misericordias
1718 1335 1829 1393 suas,
1865 1338 1913 1386 δι
1939 1337 2186 1386 secundum
2213 1340 2333 1387 mul-

363 1403 611 1465 titudinem
645 1402 1048 1451 misericordiarum
1083 1402 1280 1459 suarum,
1321 1403 1371 1449 δε
1394 1402 1539 1448 faetus
1565 1401 1651 1448 illis
1673 1404 1718 1448 in
1738 1405 2038 1460 Salvationem,
2074 1406 2124 1453 81
2147 1405 2337 1468 Angelus

347 1470 569 1533 facierum
603 1469 736 1532 Jpfius
747 1470 949 1529 salvavit
972 1484 1056 1526 eos,
1092 1481 1281 1532 propter
1313 1483 1517 1515 amorem
1553 1467 1713 1530 lpfius‚
1750 1470 1800 1516 ὅτ
1826 1476 2010 1533 propter'
2032 1470 2327 1519 clementiam

357 1534 504 1597 Ipsius
520 1534 552 1558 ''
589 1551 717 1582 Lxlu
743 1552 754 1581 :
783 1549 831 1598 7.
856 1538 899 1583 8.
928 1552 994 1597 93
1029 1535 1155 1598 quod
1181 1534 1410 1581 Dominus
1429 1535 1582 1595 quoad
1609 1533 1837 1582 Divinum
1856 1534 2131 1583 Humanum
2155 1537 2338 1587 dicatur

357 1600 574 1662 Angelus
592 1599 809 1649 facierum
826 1601 1042 1664 jehovae,
1066 1600 1130 1646 est
1147 1599 1258 1664 quia
1282 1599 1506 1646 Divinum
1534 1599 1812 1647 Humanum
1837 1600 1902 1648 est
1922 1601 2078 1665 Ipsum
2106 1603 2329 1652 Divinum

357 1666 403 1712 in
429 1665 560 1723 facie,
597 1665 687 1714 hoc
718 1666 799 1722 est,
837 1665 884 1713 in
919 1665 1084 1721 forma,
1137 1665 1263 1730 quod
1300 1666 1441 1713 etiam
1476 1664 1707 1712 Dominus
1742 1666 1877 1714 docet
1911 1668 2032 1730 apud
2066 1667 2337 1730 Johanqnem

355 1741 389 1761 “
414 1733 459 1779 Si
483 1731 760 1795 cognovistis
785 1732 885 1788 Me,
921 1728 1062 1780 etiarn
1080 1732 1263 1781 Patrem
1289 1746 1443 1779 meum
1466 1731 1760 1794 cognovisti&
1795 1733 1846 1780 ὅτ
1864 1732 2028 1780 abhinc
2049 1735 2330 1797 cognovistis

352 1797 512 1854 Illum,
546 1797 602 1846 δέ*
633 1797 797 1860 vidistis
834 1798 998 1846 Illum.-
1031 1798 1151 1846 dixit
1177 1797 1446 1861 Phiiippus,
1483 1795 1677 1844 monstra
1702 1798 1833 1845 nobis
1849 1798 2030 1847 Patrem
2051 1819 2069 1855 3
2105 1801 2224 1848 dixit
2259 1799 2326 1848 ini

353 1863 495 1926 Jesus‚
533 1875 713 1912 tantum
752 1877 937 1928 tempus
969 1863 1200 1912 vobiscum
1235 1862 1355 1920 sum,
1391 1864 1441 1910 δε
1473 1878 1564 1909 non
1602 1862 1716 1910 nosti
1741 1863 1826 1910 Me
1852 1864 2084 1929 Philippe,
2120 1869 2191 1930 qui
2215 1866 2333 1915 vidit

352 1931 454 1986 Me,
502 1929 616 1978 vidit
654 1931 831 1978 Patrem
848 1947 864 1976 .·
910 1931 1005 1995 Ego
1026 1932 1071 1977 in
1095 1931 1234 1977 Patre
1258 1931 1356 1992 sum
1379 1928 1437 1978 (θ’
1461 1929 1597 1976 Pater
1617 1931 1661 1976 in
1686 1930 1784 1987 Me,
1833 1931 2001 1978 credite
2038 1932 2182 1989 Mihi,
2219 1932 2337 1997 quod

353 1997 498 2057 Egoin
515 1997 654 2044 Patre
669 1995 724 2045 &
743 1997 882 2058 Pater
896 1998 1086 2054 inMe”
1107 2009 1219 2043 xiv:
1247 2010 1273 2060 7
1296 1995 1357 2042 ad
1385 2011 1402 2042 1
1422 2012 1460 2043 1.
1509 1995 1596 2042 Per
1620 1993 1779 2043 faciem
1805 1996 2005 2059 Jehovae
2028 1996 2101 2045 seu
2128 1999 2346 2047 Domini‘

350 2061 491 2108 etiam
515 2060 795 2125 significatur
815 2061 900 2120 ira,
922 2062 1142 2118 vindicta,
1163 2061 1358 2125 punitio,
1383 2060 1581 2120 maiorm·
1611 2075 1668 2108 ex
1690 2063 1834 2119 causa,
1867 2062 1976 2127 quia
2000 2063 2241 2128 (implices,
2266 2080 2334 2113 exc

354 2127 455 2175 idea
475 2128 715 2175 communi
736 2128 860 2190 quod
884 2128 1040 2176 omnia
1064 2127 1148 2175 fint
1167 2143 1192 2174 a
1212 2127 1333 2182 Deo,
1347 2127 1546 2174 ‘credunt
1568 2128 1693 2190 quod
1716 2127 1856 2176 etiam
1879 2129 2071 2186 maium,
2098 2131 2327 2194 imprimis

355 2193 529 2241 malum
563 2209 745 2256 paenae:
781 2207 1059 2259 quapropter
1095 2192 1340 2242 seeundum
1372 2207 1673 2241 communem
1700 2194 1825 2242 iliam
1862 2194 2031 2252 ideam,
2066 2196 2116 2244 δι
2139 2212 2325 2262 quoque

351 2259 596 2308 secundum
621 2261 950 2323 apparentiam,
984 2260 1193 2309 tribuitur
1217 2258 1415 2322 Jehovae
1439 2260 1511 2305 seu
1539 2259 1748 2307 Domino
1772 2260 1851 2317 ira,
1885 2261 2105 2318 vindista,
2142 2264 2334 2326 punitio

351 2325 402 2377 ὅτ
430 2325 632 2383 malum,
668 2341 778 2374 cum
814 2338 965 2375 tamen
1000 2326 1073 2374 illa
1112 2341 1205 2375 non
1241 2324 1342 2372 sunt
1361 2340 1386 2371 a
1409 2324 1620 2373 Domino
1642 2325 1715 2372 scd
1738 2325 1798 2373 ab
1820 2326 2022 2384 homine,
2074 2329 2132 2375 de
2163 2345 2252 2392 qua
2277 2345 2327 2377 re

353 2389 576 2447 videatur,
621 2407 683 2439 n:
714 2390 855 2440 1861.
889 2409 1038 2455 2447.
1077 2394 1222 2456 5798.
1271 2391 1417 2453 6073.
1451 2391 1602 2453 6992.
1643 2392 1789 2456 6997.
1832 2406 1974 2456 7533.
2002 2394 2152 2457 7632.
2172 2400 2329 2458 7877.'

354 2457 1375 2590 affle-30129521232-2222222232252
1391 2457 2052 2587 {effe-seientes&
2076 2461 2325 2588 azzae:

351 2587 669 2642 varicationem
700 2587 921 2642 vest-ram:
957 2593 1217 2654 &quoque
1248 2588 1292 2635 in
1324 2588 1536 2636 Levitico
1571 2595 1605 2629 ‘.‘
1629 2588 1852 2652 Quisquis
1884 2590 2147 2638 comederit*
2168 2591 2331 2643 ullum.

350 2652 631 2716 sanguinem,
664 2653 770 2702 dabo
781 2656 925 2717 facies
946 2672 1059 2704 meas
1082 2665 1230 2704 contra
1266 2653 1465 2701 animam
1505 2655 1822 2703 comedentem
1858 2656 2138 2718 sanguinem,
2173 2659 2224 2706 ἃ
2246 2674 2328 2706 ex-

347 2718 550 2777 scindam
585 2719 706 2766 illam
731 2736 755 2767 e
781 2722 936 2769 medio
973 2721 1135 2786 populi
1171 2718 1315 2784 ejus”
1354 2736 1497 2768 xvn:
1537 2735 1596 2767 10
1617 2738 1635 2768 :-
1681 2721 1807 2784 apud
1844 2722 2093 2783 jeremiam
2131 2731 2166 2754 ‘⁵
2190 2725 2331 2787 Posui-

341 2786 486 2849 facies
521 2802 632 2833 meas
659 2794 806 2834 contra
838 2787 985 2836 urbem
1012 2793 1066 2836 ,in
1091 2787 1268 2844 malunt,
1305 2787 1355 2833 &
1379 2801 1469 2832 non
1507 2785 1551 2832 in
1589 2787 1763 2845 bonurn
1779 2786 1812 2806 ''
1850 2803 1932 2834 xxi
1952 2805 1970 2836 :-
1995 2806 2054 2838 ιο
2071 2807 2093 2837 t
2121 2789 2170 2837 &
2195 2792 2320 2854 apud

352 2851 584 2901 Davidem
621 2859 654 2882 “
679 2852 827 2901 Facies
856 2854 1037 2914 Jehovae
1074 2862 1220 2902 contra
1241 2853 1456 2915 facientes
1494 2851 1670 2911 malum,
1706 2852 1760 2900 ad
1781 2853 2134 2905 exscindendum
2158 2871 2184 2902 e
2207 2869 2331 2904 terra

351 2918 623 2965 memoriam
641 2934 800 2966 eorum
821 2917 853 2937 ”
889 2920 1038 2968 Psalm
1061 2937 1072 2966 ε
1094 2933 1279 2966 xxxxv:
1310 2934 1385 2981 1-7.

422 2998 569 3046 9307.
607 2983 672 3031 Et
695 2983 802 3031 audi
845 2999 1006 3034 vocem
1044 2984 1171 3047 Ejus,
1210 2983 1338 3048 quod
1379 2983 1599 3046 significet
1631 2984 1943 3035 obedientiam
1982 2999 2334 3050 praeceptorum.

352 3064 459 3112 quae
481 3049 541 3097 ab
562 3050 680 3112 Ipso,
717 3065 886 3114 nempe
913 3048 1144 3107 Domino,
1167 3050 1339 3098 constat
1362 3065 1419 3096 ex
1443 3051 1770 3111 significatione
1791 3053 1964 3108 audire,
1989 3054 2111 3116 quod
2140 3053 2191 3102 fit
2215 3057 2337 3104 obe-i

344 3113 534 3184 dientia,
570 3117 627 3166 de
650 3131 742 3184 qua
764 3132 828 3167 n:
853 3132 997 3183 254²·
1026 3116 1172 3184 3869.
1197 3114 1329 3179 4652
1352 3116 1411 3186 ad
1445 3115 1592 3177 4660.
1632 3119 1780 3182 221&
1809 3119 1931 3185 8361
1955 3140 1970 3177 3
2004 3121 2128 3169 &ex
2150 3119 2326 3192 signifi.-

2147 3197 2331 3235 catione.
