2722 3684
376 166 1862 249 120‘EX0DUS.

366 306 406 335 “
446 306 630 363 mereri
643 302 873 377 stilutem
893 321 985 361 non
1002 301 1064 382 est
1081 299 1380 375 spirituale,
1411 303 1557 358 venit
1581 301 1716 357 enim
1739 316 1779 355 a
1813 298 2007 374 proprio
2035 315 2127 358 non
2150 317 2199 357 α
2225 304 2340 359 Do-

366 381 406 408 “
445 380 578 435 mino
614 400 629 435 .·
684 376 757 436 &³
777 388 1028 450 praterea
1059 374 1339 448 praferunt
1360 371 1419 444 se
1457 374 1603 443 aliis,
1670 371 1745 431 ἐπ’
1769 375 1986 444 quidam
2021 390 2193 431 eorum
2228 392 2345 432 con-

370 451 404 481 “
423 457 666 509 'temnunt
689 451 821 507 alios
845 470 859 503 :
899 450 985 518 illi
1011 451 1066 520 st
1079 465 1169 503 non
1195 446 1444 518 gaudium
1478 456 1586 518 pree
1608 446 1822 518 reliquis
1844 447 1899 504 in
1917 447 2096 505 altera
2113 447 2236 503 vita
2254 466 2344 504 re-

370 523 409 553 “
452 525 658 598 cipiunt,
696 524 1023 596 indignantur
1045 530 1224 576 contra
1246 519 1539 590 Dominum,
1576 528 1875 591 quapropter
1897 537 2009 576 cum
2025 518 2215 591 secant
2239 521 2345 594 lig-

369 598 408 627 “
446 618 532 666 na,
581 604 794 671 apparet
835 597 979 667 quast
1008 592 1134 664 quid
1170 593 1378 649 Domini
1404 593 1495 664 sith
1535 592 1724 665 ligni53
1771 593 1853 648 hoo
1889 610 1956 648 ex
1990 593 2343 665 indignatione.

371 672 410 701 “
451 672 545 727 Sed
579 673 705 741 quia
747 670 920 724 vitam
951 667 1098 739 piam
1136 676 1362 737 egerunt,
1405 664 1475 725 ὅθ
1498 682 1562 720 ex
1588 665 1879 739 ignorantia
1916 667 2000 722 ita
2022 664 2268 738 fecerunt
2290 667 2345 724 in

366 745 402 772 ‘⁶
442 762 548 814 qua
574 741 783 811 aliquid
797 739 1076 805 innocentia
1097 736 1240 810 fuit,
1294 739 1402 792 ideo
1440 738 1708 808 aliquoties
1729 739 1913 808 Angeli
1944 741 2028 796 -ad
2057 738 2176 801 illos
2215 741 2344 797 mit-

368 816 407 845 “
448 825 651 884 tuntur,
671 811 742 872 &³
753 813 869 868 illos
891 812 1228 884 consolantur:
1276 808 1350 868 θ’
1365 820 1613 882 praterea
1631 819 1844 883 apparet
1867 809 1980 865 illis
2002 810 2193 882 desuper
2212 830 2248 866 a
2267 812 2343 883 st-

371 889 408 916 “
453 886 599 952 nistro
620 887 913 958 quandoque
941 887 1074 958 siout
1097 883 1226 955 oviS,
1269 900 1335 939 ex
1370 900 1477 955 qua
1514 882 1629 955 visa
1666 881 2034 954 cotfilationem
2061 883 2340 956 accipiunt,

370 961 407 990 “
447 961 691 1016 videatur
712 960 874 1015 etiam
895 978 960 1015 n:
1008 977 1159 1013 1110.

410 1097 415 1100 ,
448 1036 604 1103 8741.
642 1033 955 1092 Continuatio
977 1033 1037 1091 de
1052 1030 1334 1106 spiritibus
1357 1027 1430 1090 θ’
1458 1030 1638 1089 Incolis
1673 1029 1876 1092 telluris
1909 1028 2064 1104 Jovis
2087 1030 2163 1087 ad
2187 1031 2350 1106 finem*

371 1106 578 1179 Capitis
596 1103 868 1179 fitquentis.
958 1111 967 1119 '
