2722 3684
419 183 555 253 402
865 154 1358 223 EXO
1467 157 1790 225 Ἐ’ῑ]
1923 158 1989 223 S.

427 285 484 336 ὅτ
504 290 714 331 externus
736 276 829 329 ad
817 279 1068 342 imaginem
1093 278 1258 332 mundi
1282 278 1553 331 subordinati
1577 278 1714 338 co'elo,
1754 295 1808 328 n:
1837 293 2007 344 9279³
2042 278 2093 327 &
2109 278 2238 392 apud
2260 279 2421 358 homi-

431 365 543 405 nem
566 347 839 397 infincerum
860 347 911 395 &
935 344 1173 408 injustum,
1207 347 1335 411 quod
1354 356 1552 397 mternus
1570 344 1715 394 homo
1739 343 1960 398 formatus
1992 316 2047 395 iit
2083 346 2138 393 ad
2164 346 2424 410 imaginem»

434 413 627 470 inferni,
653 413 703 463 ὅτ,
735 424 948 466 externus
971 412 1063 460 ad
1054 413 1304 475 lmaginem
1339 410 1449 460 coeli
1483 410 1758 460 subordinati
1783 410 1995 463 inferno·-
1984 447 1999 468 ,
2047 427 2151 459 nam
2176 428 2257 476 per
2273 425 2424 462 exter-

443 496 557 531 num
583 479 765 529 'fimulat
790 478 864 525 illa
881 494 988 542 quae
1009 478 1115 524 coeli
1134 481 1252 534 lunt,
1289 478 1340 525 &
1358 477 1589 525 rationalia
1613 487 1741 541 quae
1744 492 1768 524 e
1791 477 1937 534 coelo,
1966 478 2164 543 applicat
2187 479 2243 527 ad
2264 477 2424 540 faven-

442 549 563 601 dum
603 544 990 609 concupiscentiis,
1027 543 1075 590 &
1095 559 1283 607 quoque
1307 543 1364 591 ad
1402 542 1674 591 fallendum:
1710 558 1767 591 ex
1791 542 1862 590 his
1883 545 2072 601 constat,
2108 545 2236 609 quod
2260 544 2426 594 inversi

437 614 576 665 status
593 613 704 660 vitae
729 613 811 658 fint
829 610 947 673 apud
966 608 1110 671 justos
1133 611 1181 657 δε
1202 608 1483 673 injustos.

506 684 653 744 9284.
690 677 806 723 Non
828 675 1037 724 audietur
1055 674 1183 738 super
1200 690 1277 723 ore
1303 688 1400 733 tuo,
1437 674 1560 739 quod
1588 674 1807 738 flgnificet
1831 675 1959 739 quod
1984 691 2073 724 non
2108 650 2419 734 obediendum

437 745 534 799 ulla
556 743 873 799 affirmatione,
907 740 1093 788 constat
1103 758 1160 788 ex
1187 741 1511 802 significatione
1534 741 1703 796 audire,
1733 743 1865 805 quod
1907 741 1962 789 fit
2000 743 2207 799 obedire,
2239 743 2297 800 de
2330 758 2427 806 qua.

441 828 503 859 11.
531 824 673 871 2542.
704 806 849 871 3869.
875 808 1002 868 4652
1025 807 1089 854 ad
1105 809 1253 867 4660.
1285 822 1427 869 50¹7-
1458 807 1600 867 7216,
1629 807 1791 869 8361·,
1825 809 1874 863 βε
1898 823 1955 855 ex
1978 807 2306 870 significatione
2333 823 2423 855 non

444 877 585 940 super
596 889 674 923 ore
697 874 803 929 effe,
837 889 945 921 cum
970 873 1026 919 de
1049 872 1256 925 doctrina
1279 873 1394 929 falfi,
1430 888 1536 936 quae
1571 873 1848 933 fignificatur
1873 888 1970 936 per
1968 889 2140 932 nomen
2164 873 2358 921 deorum
2383 890 2427 921 a·.

446 943 639 998 liorum,
673 939 801 1004 quod
822 940 878 987 fit
895 953 985 987 non
1010 938 1246 987 affirmare.
1302 933 1461 996 Qod
1498 954 1666 985 nornen
1688 938 1880 985 deorum
1915 939 2108 995 aliorum
2133 955 2222 986 non
2248 955 2428 987 memo-

449 1007 649 1057 randum
672 1006 795 1062 esset,
834 1021 915 1052 nec
947 1005 1223 1053 audiendum
1245 1005 1374 1067 super
1396 1021 1490 1061 ore,
1515 1017 1614 1051 erat
1623 1005 1683 1051 ob
1700 1005 1892 1060 caulam,
1930 1019 1983 1052 ut
2008 1005 2428 1068 repraesentarentut·

445 1073 647 1123 coelestia
667 1087 716 1118 ac
740 1071 913 1129 Divina
933 1070 1122 1118 Domini
1143 1087 1222 1135 per
1244 1072 1399 1118 omnia
1423 1071 1598 1126 statuta,
1615 1068 1786 1133 judicia
1809 1070 1858 1126 δε
1883 1084 2128 1134 praecepta,
2164 1087 2270 1135 quae
2293 1087 2422 1120 man-

444 1141 561 1193 data
586 1138 722 1195 sunt,
764 1135 1196 1200 repraesentabanmr
1229 1138 1365 1184 etiam
1393 1137 1624 1200 quamdiu
1651 1136 1877 1198 Jehovam
1900 1138 2207 1199 nominabant
2235 1138 2284 1194 &
2309 1140 2428 1195 εοΙεο,

448 1207 576 1270 bant,
613 1213 719 1259 tunc
741 1204 866 1252 enim
890 1204 1044 1256 aderat
1071 1202 1296 1257 Divinum
1323 1202 1525 1256 Domini
1540 1203 1588 1256 δε
1606 1217 1710 1248 cnm
1729 1201 1813 1260 1110
1836 1190 2045 1262 coemitur,
2081 1216 2126 1263 at
2144 1219 2252 1263 eum
2273 1206 2426 1261 nomi-

447 1271 620 1322 nabant
641 1273 691 1319 δε
714 1258 919 1318 colebant
942 1267 1053 1323 alios
1075 1269 1198 1323 dem,
1236 1279 1344 1315 tunc
1378 1267 1806 1332 repraesentabantur·
1830 1267 2097 1329 infernalia„
2105 1285 2225 1327 nam-
2248 1270 2431 1332 spiritis

445 1339 508 1387 ab
532 1332 713 1385 infernis
736 1337 931 1391 aderant,
951 1336 1031 1398 qui
1050 1349 1134 1397 pro
1149 1334 1234 1382 dns
1256 1333 1344 1387 coli
1361 1335 1610 1388 volebant,
1636 1334 1680 1381 id
1707 1334 1830 1391 enim
1857 1333 1920 1382 illi
1944 1335 2084 1398 quiin
2112 1335 2303 1391 infernis
2311 1337 2432 1396 suns,

449 1406 681 1453 continuo
715 1401 942 1458 ambiunt,
977 1400 1196 1503 quoniam
1219 1415 1392 1451 amores
1417 1399 1480 1447 sui
1517 1401 1567 1449 &
1607 1398 1789 1449 mundi
1809 1388 1872 1446 ibi
1897 1413 2106 1462 regnant,
2139 1402 2346 1457 ,videatur
2358 1420 2433 1459 135

494 1473 583 1517 881
614 1470 696 1516 fin.

453 1488 485 1536 3
518 1538 666 1598 9285.
702 1531 1445 1595 Vers:14.15.16.17.18.19
1535 1512 2118 1595 Tribusvtctbusferzaheras
2139 1533 2260 1580 Mihi
2281 1534 2325 1580 in
2349 1550 2425 1581 an-

446 1617 518 1655 m.
587 1600 647 1651 F
627 1601 753 1661 stum
778 1613 1024 1661 azymorum
1046 1597 1280 1660 custodie53
1292 1601 1466 1661 septem
1491 1595 1665 1655 ,diebus
1670 1596 1866 1657 comedes
1858 1614 2054 1662 azyma,
2091 1589 2432 1664 quemadmadum

449 1669 642 1733 praecepi
657 1666 779 1723 tibi,
777 1666 1021 1727 ‚adflatum
1043 1674 1207 1728 tempus
1231 1665 1374 1723 mensis
1395 1665 1526 1720 Abib‚
1562 1667 1668 1727 quia
1682 1667 1727 1712 in
1750 1679 1802 1712 eo
1828 1665 2019 1738 exivisti
2033 1681 2083 1715 ex
2106 1666 2325 1729 AEgypto·
2316 1699 2330 1720 ,
2377 1665 2432 1726 §9²

458 1749 542 1782 non
557 1731 815 1781 videbuntur
827 1733 970 1795 facies
993 1747 1095 1779 meae
1112 1746 1261 1779 vacue.
1331 1732 1396 1782 Et
1418 1731 1476 1779 F
1464 1730 1588 1790 stum
1598 1729 1721 1790 mffs
1737 1731 2027 1790 primitiarum
2050 1745 2216 1794 qpcrum
2239 1740 2435 1790 tuorum,

459 1799 851 1879 quaeseminaverar
873 1800 917 1851 in
933 1812 1072 1860 agro:
1107 1796 1163 1846 δᾶ
1172 1795 1330 1860 'festum
1345 1798 1587 1854 collebi'ionis
1610 1799 1659 1850 in
1679 1800 1804 1853 exitu
1813 1799 1930 1851 anni,
1966 1797 2010 1843 in
2034 1795 2255 1861 colligendo
2279 1807 2320 1844 te
2337 1810 2436 1859 ope-

457 1881 518 1913 ra
542 1875 618 1912 tua
641 1880 692 1912 ex
710 1880 829 1927 agro·
899 1862 1050 1916 Tribus
1081 1863 1245 1911 vicibus
1273 1866 1319 1913 in
1342 1879 1450 1910 anno
1471 1862 1688 1911 videbitur
1711 1864 1840 1910 omnis
1871 1863 2075 1923 mastalus
2097 1873 2194 1911 tuus
2219 1861 2282 1910 ad
2286 1863 2431 1925 factes

461 1932 640 1987 Domini
662 1931 898 1991 Jehovae.
927 1929 1032 1986 Nm
1041 1927 1306 1992 fhereficabiss
1326 1925 1446 1991 Ιὶιρεν
1459 1931 1716 1990 fermentato
1729 1929 1975 1990 sanguinem
2001 1928 2209 1992 sacrificii
2230 1931 2342 1984 mei3
2379 1929 2435 1979 ξεῖ

460 2013 541 2045 non
558 1996 819 2060 ρενηοὲἳαὸὶί
840 1994 968 2058 adeps
980 1995 1085 2058 festi
1098 1998 1185 2043 mei
1207 1997 1329 2061 usqua
1346 1994 1410 2051 ad
1437 2010 1572 2059 mana.
1642 1995 1841 2042 Primum
1878 1997 2175 2056 primitiarum
2208 1995 2327 2041 humi
2350 2005 2436 2042 tuae

462 2061 696 2111 introduces
718 2061 883 2111 domum
906 2059 1102 2123 Jehovae
1107 2062 1193 2110 Dei
1212 2064 1312 2117 ιιιιᾉῑ
1323 2076 1423 2109 non
1446 2077 1586 2126 coques
1599 2059 1763 2108 haedum
1786 2063 1830 2108 in
1854 2060 1962 2108 labie
1986 2063 2141 2110 matris
2146 2063 2255 2122 suae.
2334 2062 2442 2109 Tri·

463 2130 551 2177 bus
575 2128 745 2175 vicibus
761 2127 996 2178 feriaberis
1010 2127 1134 2176 Mihi
1174 2128 1246 2174 in
1247 2142 1398 2183 anno,
1434 2127 1656 2190 fignificat
1677 2126 1865 2176 cultum
1887 2126 2078 2179 Domini
2110 2127 2160 2176 &
2184 2128 2433 2189 gratiarum

461 2194 695 2252 *astionem
715 2205 1055 2256 permanentem
1081 2194 1141 2240 ob
1161 2192 1475 2242 liberationem
1495 2210 1522 2240 a
1542 2193 1833 2240 damnatione
1853 2210 1862 2240 :
1888 2190 2051 2240 festum
2072 2197 2344 2255 azymorum
2362 2210 2438 2240 cu-

466 2256 654 2317 stodies,
690 2259 909 2322 fignificat
950 2259 1312 2322 purificationem
1353 2275 1376 2305 a
1410 2259 1556 2306 falfis:
1595 2257 1759 2321 septem
1794 2259 1970 2315 diebus,
2009 2259 2229 2322 fignificat
2270 2259 2435 2307 statum

466 2326 671 2384 sanetum
698 2337 835 2375 tunc:
871 2325 1081 2375 comedes
1119 2341 1298 2388 azyma,
1334 2325 1556 2387 fignificat
1589 2325 2144 2388 appropriationernfboni
2170 2324 2388 2389 purificati
2414 2342 2440 2372 a
2503 2326 2507 2328 ’

468 2391 615 2440 falsis:
651 2390 1042 2456 quemadmodum
1084 2391 1281 2455 praecepi
1325 2391 1424 2446 tibi,
1461 2390 1680 2452 fignificat
1721 2389 1963 2438 secundum
2002 2389 2124 2451 leges
2147 2390 2346 2439 ordinis:
2382 2391 2440 2437 ad

466 2459 634 2508 statum
667 2472 857 2519 tempus
888 2457 1049 2505 mensis
1072 2456 1498 2519 Abib,s1gnificat
1511 2472 1537 2502 a
1578 2455 1801 2519 principio
1841 2455 1973 2507 status
2011 2457 2150 2503 novi:
2189 2458 2295 2521 quia
2319 2444 2363 2504 in
2388 2473 2451 2506 eo>

472 2523 651 2570 exivisti
683 2539 741 2574 ex
763 2522 993 2586 AEgyptO,
1032 2522 1252 2585 fignificat
1292 2524 1603 2579 liberationem
1644 2522 1729 2569 ab
1739 2513 2018 2568 infestatione
2042 2510 2238 2569 afalfis:
2274 2525 2322 2571 δε
2348 2538 2440 2570 non

473 2589 747 2636 videbuntur
770 2588 902 2636 facies
928 2604 1042 2638 meae
1066 2603 1222 2645 vacue,
1258 2588 1475 2652 fignificat
1499 2589 1800 2650 receptionem
1821 2589 1915 2635 veti
1937 2603 1994 2635 ex
2013 2587 2365 2652 Misericordia,
2391 2590 2441 2636 &

473 2657 587 2718 grati
579 2671 717 2702 arum
742 2655 998 2702 achonem:
1034 2656 1084 2706 δε
1107 2654 1271 2705 festum
1296 2656 1441 2702 messis
1466 2653 1773 2716 primitiarum
1797 2668 1990 2729 operum
2016 2666 2212 2710 tuorum,
2251 2671 2358 2720 quae
2380 2648 2441 2702 se·
2454 2702 2456 2704 ,

463 2721 720 2790 «initiaveris
743 2723 793 2772 in
823 2736 948 2784 agro,
985 2720 1225 2781 fignificat
1237 2720 1408 2767 cultum
1435 2719 1629 2778 Domini
1668 2721 1717 2767 δε
1739 2721 2005 2793 gratiarum
2009 2719 2234 2778 astionem
2252 2732 2444 2784 propter

473 2776 870 2851 implantationem
895 2787 996 2837 veri
1024 2788 1074 2833 in
1093 2785 1247 2845 bono:
1281 2787 1334 2836 &
1369 2785 1530 2833 festum
1567 2784 1876 2845 eolleetioms
1866 2801 1910 2844 in
1935 2784 2232 2847 exitu-anni,
2233 2787 2287 2847 in
2312 2785 2439 2832 colli-

473 2851 632 2917 gendo
654 2863 699 2899 te
715 2868 854 2914 opera
878 2864 952 2899 tua
969 2867 1026 2910 ex
1049 2867 1174 2914 agro,
1204 2851 1431 2913 fignificat
1451 2842 1628 2902 cultum
1661 2867 1719 2904 ex
1751 2863 1881 2922 grato
1902 2852 2079 2912 animo,
2110 2853 2185 2912 ob
2187 2841 2446 2915 implanta-
2511 2845 2517 2849 ⁴

475 2921 652 2967 tionem
677 2918 783 2964 boni
809 2918 929 2973 inde,
965 2919 1026 2965 ita
1049 2920 1111 2965 ob
1133 2917 1533 2980 regenerationem
1541 2933 1592 2974 ae
1610 2913 1853 2991 plenariam
1877 2915 2206 2978 liberationem
2208 2934 2250 2977 a
2241 2917 2444 2979 damna-

476 2985 642 3032 tione:
659 2982 812 3033 tribus
831 2982 1040 3041 vicibus
1031 2999 1074 3031 tn
1097 2998 1219 3046 anno
1234 2982 1470 3043 videbitur
1493 2983 1644 3038 omnis
1668 2983 1884 3038 masculus
1915 2983 1972 3034 ad
1987 2971 2135 3030 facies
2151 2972 2346 3031 Domini
2355 2985 2445 3046 Je-

461 3048 634 3106 hovae,
670 3049 886 3124 fignificat
918 3050 1179 3102 continuam
1205 3049 1508 3113 apparentiam
1533 3050 1583 3100 &
1599 3040 1913 3112 praesentiam
1924 3034 2140 3115 Domini
2153 3047 2210 3096 fic
2233 3050 2372 3095 etiam
2399 3066 2449 3096 m

475 3115 592 3182 3eris
609 3130 715 3182 quae
741 3109 893 3173 fidei:
929 3121 1044 3173 non
1060 3107 1340 3175 sacrificabis,
1350 3114 1485 3201 super
1502 3112 1776 3186 fermentato
1806 3101 2071 3186 sanguibern
2105 3105 2327 3175 sacrificii
2333 3116 2441 3166 mei.

2227 3179 2452 3246 fignificat:
