<?xml version="1.0" encoding="UTF-8"?>
<!DOCTYPE html PUBLIC "-//W3C//DTD XHTML 1.0 Transitional//EN"
    "http://www.w3.org/TR/xhtml1/DTD/xhtml1-transitional.dtd">
<html xmlns="http://www.w3.org/1999/xhtml" xml:lang="en" lang="en">
 <head>
  <title>
</title>
<meta http-equiv="Content-Type" content="text/html;charset=utf-8" />
  <meta name='ocr-system' content='tesseract 3.04.00' />
  <meta name='ocr-capabilities' content='ocr_page ocr_carea ocr_par ocr_line ocrx_word'/>
</head>
<body>
  <div class='ocr_page' id='page_1' title='image "arcanacaelestiaq07sweduoft_0507.png"; bbox 0 0 2722 3684; ppageno 0'>
   <div class='ocr_carea' id='block_1_1' title="bbox 682 176 2338 298">
    <p class='ocr_par' dir='ltr' id='par_1_1' title="bbox 682 176 2338 298">
     <span class='ocr_line' id='line_1_1' title="bbox 682 176 2338 298; baseline 0.006 -26"><span class='ocrx_word' id='word_1_1' title='bbox 682 200 1514 277; x_wconf 74' lang='lat' dir='ltr'>CAPUTVIGESIMUM</span> <span class='ocrx_word' id='word_1_2' title='bbox 1562 176 2031 295; x_wconf 72' lang='lat' dir='ltr'>QJARTUM.</span> <span class='ocrx_word' id='word_1_3' title='bbox 2210 237 2338 298; x_wconf 82' lang='lat'>501</span> 
     </span>
    </p>
   </div>
   <div class='ocr_carea' id='block_1_2' title="bbox 309 326 2346 3083">
    <p class='ocr_par' dir='ltr' id='par_1_2' title="bbox 309 326 2346 3083">
     <span class='ocr_line' id='line_1_2' title="bbox 374 326 2346 407; baseline -0.001 -11"><span class='ocrx_word' id='word_1_4' title='bbox 374 341 521 396; x_wconf 74' lang='lat'><em>3772·</em></span> <span class='ocrx_word' id='word_1_5' title='bbox 540 340 686 395; x_wconf 82' lang='lat'><strong>4792·</strong></span> <span class='ocrx_word' id='word_1_6' title='bbox 705 344 853 393; x_wconf 83' lang='lat'><strong>5¹47·</strong></span> <span class='ocrx_word' id='word_1_7' title='bbox 872 340 1018 394; x_wconf 81' lang='lat'><em>5293·</em></span> <span class='ocrx_word' id='word_1_8' title='bbox 1041 345 1188 395; x_wconf 80' lang='lat'><strong>5340·</strong></span> <span class='ocrx_word' id='word_1_9' title='bbox 1211 342 1354 400; x_wconf 56' lang='lat'>5342,</span> <span class='ocrx_word' id='word_1_10' title='bbox 1371 328 1515 392; x_wconf 81' lang='lat'><em>5576·</em></span> <span class='ocrx_word' id='word_1_11' title='bbox 1532 337 1678 392; x_wconf 75' lang='lat'><strong><em>5579·</em></strong></span> <span class='ocrx_word' id='word_1_12' title='bbox 1698 342 1843 402; x_wconf 63' lang='lat'>5410-</span> <span class='ocrx_word' id='word_1_13' title='bbox 1865 326 2011 390; x_wconf 77' lang='lat'><strong>5426·</strong></span> <span class='ocrx_word' id='word_1_14' title='bbox 2031 331 2176 393; x_wconf 80' lang='lat'><em>5487·</em></span> <span class='ocrx_word' id='word_1_15' title='bbox 2190 338 2346 407; x_wconf 69' lang='lat'><em>5582:</em></span> 
     </span>
     <span class='ocr_line' id='line_1_3' title="bbox 375 393 2342 459; baseline 0.003 -16"><span class='ocrx_word' id='word_1_16' title='bbox 375 400 521 459; x_wconf 71' lang='lat'><strong><em>5588.</em></strong></span> <span class='ocrx_word' id='word_1_17' title='bbox 559 398 703 458; x_wconf 84' lang='lat'><strong><em>5655.</em></strong></span> <span class='ocrx_word' id='word_1_18' title='bbox 740 411 884 457; x_wconf 87' lang='lat'>5915.</span> <span class='ocrx_word' id='word_1_19' title='bbox 924 396 1068 456; x_wconf 83' lang='lat'><em>8562.</em></span> <span class='ocrx_word' id='word_1_20' title='bbox 1106 409 1236 459; x_wconf 85' lang='lat'>9003</span> <span class='ocrx_word' id='word_1_21' title='bbox 1265 413 1279 448; x_wconf 87' lang='lat'>;</span> <span class='ocrx_word' id='word_1_22' title='bbox 1335 395 1439 440; x_wconf 84' lang='lat' dir='ltr'>inde</span> <span class='ocrx_word' id='word_1_23' title='bbox 1483 393 1606 457; x_wconf 83' lang='lat' dir='ltr'>apud</span> <span class='ocrx_word' id='word_1_24' title='bbox 1644 395 1878 457; x_wconf 82' lang='lat' dir='ltr'>Antiquos</span> <span class='ocrx_word' id='word_1_25' title='bbox 1921 396 2342 458; x_wconf 80' lang='lat' dir='ltr'>commefl&#39;ationes,</span> 
     </span>
     <span class='ocr_line' id='line_1_4' title="bbox 371 459 2343 528; baseline 0.002 -19"><span class='ocrx_word' id='word_1_26' title='bbox 371 461 600 518; x_wconf 74' lang='lat' dir='ltr'>convivia,</span> <span class='ocrx_word' id='word_1_27' title='bbox 639 460 825 523; x_wconf 76' lang='lat' dir='ltr'>prandia</span> <span class='ocrx_word' id='word_1_28' title='bbox 859 462 909 509; x_wconf 90' lang='grc' dir='ltr'>ὅτ</span> <span class='ocrx_word' id='word_1_29' title='bbox 944 470 1085 508; x_wconf 77' lang='lat' dir='ltr'>caenae</span> <span class='ocrx_word' id='word_1_30' title='bbox 1121 459 1475 515; x_wconf 83' lang='lat' dir='ltr'>instituebantur,</span> <span class='ocrx_word' id='word_1_31' title='bbox 1514 471 1564 507; x_wconf 88' lang='lat' dir='ltr'>ut</span> <span class='ocrx_word' id='word_1_32' title='bbox 1595 460 1954 508; x_wconf 86' lang='lat' dir='ltr'>consociarentur</span> <span class='ocrx_word' id='word_1_33' title='bbox 1987 477 2067 525; x_wconf 87' lang='lat' dir='ltr'>per</span> <span class='ocrx_word' id='word_1_34' title='bbox 2101 462 2203 511; x_wconf 88' lang='lat' dir='ltr'>talia</span> <span class='ocrx_word' id='word_1_35' title='bbox 2237 481 2343 528; x_wconf 87' lang='lat' dir='ltr'>quae</span> 
     </span>
     <span class='ocr_line' id='line_1_5' title="bbox 372 521 2341 593; baseline 0.002 -18"><span class='ocrx_word' id='word_1_36' title='bbox 372 521 602 591; x_wconf 72' lang='lat' dir='ltr'>sapientiae</span> <span class='ocrx_word' id='word_1_37' title='bbox 641 527 689 573; x_wconf 82' lang='grc' dir='ltr'>ὅτ</span> <span class='ocrx_word' id='word_1_38' title='bbox 738 526 1071 588; x_wconf 69' lang='lat' dir='ltr'>intelligentiae,</span> <span class='ocrx_word' id='word_1_39' title='bbox 1116 537 1157 583; x_wconf 14' lang='lat' dir='ltr'>,n</span> <span class='ocrx_word' id='word_1_40' title='bbox 1184 544 1196 574; x_wconf 78' lang='grc' dir='ltr'>ε</span> <span class='ocrx_word' id='word_1_41' title='bbox 1244 525 1388 590; x_wconf 85' lang='grc'><em>3596.</em></span> <span class='ocrx_word' id='word_1_42' title='bbox 1433 529 1576 588; x_wconf 82' lang='lat'><strong>3832.</strong></span> <span class='ocrx_word' id='word_1_43' title='bbox 1617 527 1763 586; x_wconf 83' lang='lat'>5161.</span> <span class='ocrx_word' id='word_1_44' title='bbox 1805 526 1950 588; x_wconf 86' lang='lat'>7836.</span> <span class='ocrx_word' id='word_1_45' title='bbox 1994 529 2134 590; x_wconf 86' lang='lat'><em>7996.</em></span> <span class='ocrx_word' id='word_1_46' title='bbox 2179 543 2303 593; x_wconf 90' lang='lat'><em>7997</em></span> <span class='ocrx_word' id='word_1_47' title='bbox 2328 547 2341 578; x_wconf 73' lang='grc' dir='ltr'>ε</span> 
     </span>
     <span class='ocr_line' id='line_1_6' title="bbox 372 591 2341 655; baseline 0.002 -16"><span class='ocrx_word' id='word_1_48' title='bbox 372 593 480 639; x_wconf 83' lang='lat' dir='ltr'>inde</span> <span class='ocrx_word' id='word_1_49' title='bbox 515 595 652 640; x_wconf 85' lang='lat' dir='ltr'>etiam</span> <span class='ocrx_word' id='word_1_50' title='bbox 687 592 912 649; x_wconf 86' lang='lat' dir='ltr'>convivia,</span> <span class='ocrx_word' id='word_1_51' title='bbox 949 592 1136 655; x_wconf 89' lang='lat' dir='ltr'>prandia</span> <span class='ocrx_word' id='word_1_52' title='bbox 1167 593 1216 639; x_wconf 86' lang='lat'>&amp;</span> <span class='ocrx_word' id='word_1_53' title='bbox 1256 607 1398 638; x_wconf 85' lang='lat' dir='ltr'>caenae</span> <span class='ocrx_word' id='word_1_54' title='bbox 1437 592 1480 637; x_wconf 91' lang='lat' dir='ltr'>in</span> <span class='ocrx_word' id='word_1_55' title='bbox 1512 591 1668 638; x_wconf 89' lang='lat' dir='ltr'>Verbo</span> <span class='ocrx_word' id='word_1_56' title='bbox 1704 591 1955 654; x_wconf 60' lang='lat' dir='ltr'>significant</span> <span class='ocrx_word' id='word_1_57' title='bbox 1990 593 2341 645; x_wconf 86' lang='lat' dir='ltr'>consociationes</span> 
     </span>
     <span class='ocr_line' id='line_1_7' title="bbox 309 656 2338 722; baseline 0.001 -17"><span class='ocrx_word' id='word_1_58' title='bbox 309 661 313 665; x_wconf 83' lang='grc'><strong>’</strong></span> <span class='ocrx_word' id='word_1_59' title='bbox 370 659 522 722; x_wconf 84' lang='lat' dir='ltr'>quoad</span> <span class='ocrx_word' id='word_1_60' title='bbox 558 659 700 706; x_wconf 90' lang='lat' dir='ltr'>fidem</span> <span class='ocrx_word' id='word_1_61' title='bbox 724 659 773 705; x_wconf 84' lang='lat'>&amp;</span> <span class='ocrx_word' id='word_1_62' title='bbox 797 674 1002 706; x_wconf 82' lang='lat' dir='ltr'>amorem</span> <span class='ocrx_word' id='word_1_63' title='bbox 1026 677 1041 712; x_wconf 80' lang='lat'>3</span> <span class='ocrx_word' id='word_1_64' title='bbox 1077 668 1130 705; x_wconf 91' lang='lat' dir='ltr'>ut</span> <span class='ocrx_word' id='word_1_65' title='bbox 1151 656 1273 719; x_wconf 89' lang='lat' dir='ltr'>apud</span> <span class='ocrx_word' id='word_1_66' title='bbox 1301 656 1580 704; x_wconf 86' lang='lat' dir='ltr'>Matthaeum</span> <span class='ocrx_word' id='word_1_67' title='bbox 1617 665 1649 686; x_wconf 73' lang='lat'>‘⁶</span> <span class='ocrx_word' id='word_1_68' title='bbox 1669 657 1812 704; x_wconf 88' lang='lat' dir='ltr'>Multi</span> <span class='ocrx_word' id='word_1_69' title='bbox 1844 658 1899 703; x_wconf 86' lang='lat' dir='ltr'>ab</span> <span class='ocrx_word' id='word_1_70' title='bbox 1921 658 2093 703; x_wconf 87' lang='lat' dir='ltr'>oriente</span> <span class='ocrx_word' id='word_1_71' title='bbox 2122 658 2259 721; x_wconf 89' lang='lat' dir='ltr'>usque</span> <span class='ocrx_word' id='word_1_72' title='bbox 2281 661 2338 707; x_wconf 88' lang='lat' dir='ltr'>ad</span> 
     </span>
     <span class='ocr_line' id='line_1_8' title="bbox 369 721 2337 787; baseline 0 -16"><span class='ocrx_word' id='word_1_73' title='bbox 369 724 654 771; x_wconf 80' lang='lat' dir='ltr'>occidentem</span> <span class='ocrx_word' id='word_1_74' title='bbox 673 723 874 781; x_wconf 82' lang='lat' dir='ltr'>venient,</span> <span class='ocrx_word' id='word_1_75' title='bbox 910 724 966 772; x_wconf 70' lang='lat'>&amp;³</span> <span class='ocrx_word' id='word_1_76' title='bbox 987 723 1229 771; x_wconf 80' lang='lat' dir='ltr'>accumbent</span> <span class='ocrx_word' id='word_1_77' title='bbox 1243 737 1335 769; x_wconf 88' lang='lat' dir='ltr'>cum</span> <span class='ocrx_word' id='word_1_78' title='bbox 1358 721 1617 779; x_wconf 82' lang='lat' dir='ltr'>Abrahamo,</span> <span class='ocrx_word' id='word_1_79' title='bbox 1652 723 1769 782; x_wconf 68' lang='lat' dir='ltr'><em>Ifiako</em></span> <span class='ocrx_word' id='word_1_80' title='bbox 1791 721 1847 771; x_wconf 74' lang='lat'>&amp;³</span> <span class='ocrx_word' id='word_1_81' title='bbox 1859 723 2016 784; x_wconf 81' lang='lat' dir='ltr'>Jacobo</span> <span class='ocrx_word' id='word_1_82' title='bbox 2036 725 2083 771; x_wconf 80' lang='lat' dir='ltr'>in</span> <span class='ocrx_word' id='word_1_83' title='bbox 2099 724 2243 787; x_wconf 81' lang='lat' dir='ltr'>Regno</span> <span class='ocrx_word' id='word_1_84' title='bbox 2258 740 2337 772; x_wconf 70' lang='grc' dir='ltr'>ειε-</span> 
     </span>
     <span class='ocr_line' id='line_1_9' title="bbox 368 784 2336 853; baseline 0.001 -16"><span class='ocrx_word' id='word_1_85' title='bbox 368 791 503 838; x_wconf 83' lang='lat' dir='ltr'>lorum</span> <span class='ocrx_word' id='word_1_86' title='bbox 522 788 553 813; x_wconf 89' lang='lat'><strong><em>”</em></strong></span> <span class='ocrx_word' id='word_1_87' title='bbox 589 804 724 835; x_wconf 81' lang='lat' dir='ltr'>viii:</span> <span class='ocrx_word' id='word_1_88' title='bbox 768 807 840 837; x_wconf 72' lang='lat'>1‘1.</span> <span class='ocrx_word' id='word_1_89' title='bbox 913 789 1056 853; x_wconf 88' lang='lat' dir='ltr'>Apud</span> <span class='ocrx_word' id='word_1_90' title='bbox 1093 789 1269 836; x_wconf 84' lang='lat' dir='ltr'><strong>Lucam</strong></span> <span class='ocrx_word' id='word_1_91' title='bbox 1306 784 1488 850; x_wconf 86' lang='lat' dir='ltr'>“Jesus</span> <span class='ocrx_word' id='word_1_92' title='bbox 1521 788 1641 835; x_wconf 83' lang='lat' dir='ltr'>dixit</span> <span class='ocrx_word' id='word_1_93' title='bbox 1662 787 1715 834; x_wconf 86' lang='lat' dir='ltr'>ad</span> <span class='ocrx_word' id='word_1_94' title='bbox 1749 786 2008 851; x_wconf 80' lang='lat' dir='ltr'>discipulos,</span> <span class='ocrx_word' id='word_1_95' title='bbox 2043 789 2258 837; x_wconf 74' lang='lat' dir='ltr'>comedetis</span> <span class='ocrx_word' id='word_1_96' title='bbox 2279 791 2336 839; x_wconf 67' lang='lat'>{9²</span> 
     </span>
     <span class='ocr_line' id='line_1_10' title="bbox 366 851 2335 919; baseline 0.001 -17"><span class='ocrx_word' id='word_1_97' title='bbox 366 855 510 903; x_wconf 79' lang='lat' dir='ltr'>bibetis</span> <span class='ocrx_word' id='word_1_98' title='bbox 523 851 656 919; x_wconf 62' lang='lat' dir='ltr'>svper</span> <span class='ocrx_word' id='word_1_99' title='bbox 679 854 815 917; x_wconf 80' lang='lat' dir='ltr'>mensa</span> <span class='ocrx_word' id='word_1_100' title='bbox 847 870 938 902; x_wconf 84' lang='lat' dir='ltr'>mea</span> <span class='ocrx_word' id='word_1_101' title='bbox 961 858 1006 901; x_wconf 91' lang='lat' dir='ltr'>in</span> <span class='ocrx_word' id='word_1_102' title='bbox 1030 856 1176 918; x_wconf 84' lang='lat' dir='ltr'>Regno</span> <span class='ocrx_word' id='word_1_103' title='bbox 1199 869 1286 901; x_wconf 82' lang='lat' dir='ltr'>meo</span> <span class='ocrx_word' id='word_1_104' title='bbox 1301 852 1333 872; x_wconf 80' lang='lat'>’⁹</span> <span class='ocrx_word' id='word_1_105' title='bbox 1386 867 1473 899; x_wconf 76' lang='lat' dir='ltr'>xxi</span> <span class='ocrx_word' id='word_1_106' title='bbox 1490 870 1507 899; x_wconf 90' lang='lat'>1</span> <span class='ocrx_word' id='word_1_107' title='bbox 1530 871 1542 901; x_wconf 89' lang='lat'>:</span> <span class='ocrx_word' id='word_1_108' title='bbox 1570 869 1650 915; x_wconf 85' lang='lat'>30.</span> <span class='ocrx_word' id='word_1_109' title='bbox 1717 853 1865 916; x_wconf 84' lang='lat' dir='ltr'>Apud</span> <span class='ocrx_word' id='word_1_110' title='bbox 1891 853 2104 901; x_wconf 88' lang='lat' dir='ltr'>Eundem</span> <span class='ocrx_word' id='word_1_111' title='bbox 2156 863 2189 884; x_wconf 89' lang='lat'>“</span> <span class='ocrx_word' id='word_1_112' title='bbox 2207 855 2335 904; x_wconf 81' lang='lat' dir='ltr'>Beati</span> 
     </span>
     <span class='ocr_line' id='line_1_11' title="bbox 367 917 2337 984; baseline 0.001 -18"><span class='ocrx_word' id='word_1_113' title='bbox 367 917 500 975; x_wconf 86' lang='lat' dir='ltr'>servi,</span> <span class='ocrx_word' id='word_1_114' title='bbox 535 927 649 984; x_wconf 87' lang='lat' dir='ltr'>quos</span> <span class='ocrx_word' id='word_1_115' title='bbox 671 921 855 966; x_wconf 81' lang='lat' dir='ltr'>veniens</span> <span class='ocrx_word' id='word_1_116' title='bbox 877 920 1109 967; x_wconf 84' lang='lat' dir='ltr'><strong>Dominus</strong></span> <span class='ocrx_word' id='word_1_117' title='bbox 1132 917 1355 966; x_wconf 88' lang='lat' dir='ltr'>invenerit</span> <span class='ocrx_word' id='word_1_118' title='bbox 1379 918 1655 979; x_wconf 54' lang='lat' dir='ltr'>vigilantem</span> <span class='ocrx_word' id='word_1_119' title='bbox 1706 931 1837 965; x_wconf 86' lang='lat' dir='ltr'>amen</span> <span class='ocrx_word' id='word_1_120' title='bbox 1876 919 1982 965; x_wconf 82' lang='lat' dir='ltr'>dic‘o</span> <span class='ocrx_word' id='word_1_121' title='bbox 2022 919 2168 975; x_wconf 77' lang='lat' dir='ltr'>vobiS,</span> <span class='ocrx_word' id='word_1_122' title='bbox 2204 921 2337 983; x_wconf 85' lang='lat' dir='ltr'>quod</span> 
     </span>
     <span class='ocr_line' id='line_1_12' title="bbox 366 983 2333 1048; baseline 0.001 -17"><span class='ocrx_word' id='word_1_123' title='bbox 366 986 591 1033; x_wconf 71' lang='lat' dir='ltr'>cincturus</span> <span class='ocrx_word' id='word_1_124' title='bbox 615 985 668 1032; x_wconf 85' lang='lat' dir='ltr'>fit</span> <span class='ocrx_word' id='word_1_125' title='bbox 692 985 754 1041; x_wconf 92' lang='lat' dir='ltr'>se,</span> <span class='ocrx_word' id='word_1_126' title='bbox 790 984 847 1035; x_wconf 60' lang='grc' dir='ltr'>ἐξ</span> <span class='ocrx_word' id='word_1_127' title='bbox 866 986 1105 1033; x_wconf 86' lang='lat' dir='ltr'>accumbere</span> <span class='ocrx_word' id='word_1_128' title='bbox 1116 986 1326 1048; x_wconf 64' lang='lat' dir='ltr'>fabiurus</span> <span class='ocrx_word' id='word_1_129' title='bbox 1350 998 1427 1039; x_wconf 85' lang='lat' dir='ltr'>eos,</span> <span class='ocrx_word' id='word_1_130' title='bbox 1451 985 1499 1031; x_wconf 88' lang='lat'>&amp;</span> <span class='ocrx_word' id='word_1_131' title='bbox 1519 983 1616 1047; x_wconf 90' lang='lat' dir='ltr'>Ipse</span> <span class='ocrx_word' id='word_1_132' title='bbox 1634 984 1844 1031; x_wconf 88' lang='lat' dir='ltr'>accedens</span> <span class='ocrx_word' id='word_1_133' title='bbox 1862 983 2191 1032; x_wconf 79' lang='lat' dir='ltr'>ministraturus</span> <span class='ocrx_word' id='word_1_134' title='bbox 2210 985 2333 1032; x_wconf 81' lang='lat' dir='ltr'>illis&#39;⁸</span> 
     </span>
     <span class='ocr_line' id='line_1_13' title="bbox 366 1049 2332 1114; baseline 0.001 -16"><span class='ocrx_word' id='word_1_135' title='bbox 366 1058 493 1099; x_wconf 70' lang='lat'>2111:</span> <span class='ocrx_word' id='word_1_136' title='bbox 519 1065 598 1114; x_wconf 85' lang='lat'>37.</span> <span class='ocrx_word' id='word_1_137' title='bbox 667 1050 813 1113; x_wconf 88' lang='lat' dir='ltr'>Apud</span> <span class='ocrx_word' id='word_1_138' title='bbox 835 1052 1098 1112; x_wconf 80' lang='lat' dir='ltr'>Johannem</span> <span class='ocrx_word' id='word_1_139' title='bbox 1132 1059 1166 1080; x_wconf 87' lang='lat'>“</span> <span class='ocrx_word' id='word_1_140' title='bbox 1184 1050 1427 1110; x_wconf 85' lang='lat' dir='ltr'>Rogarunt</span> <span class='ocrx_word' id='word_1_141' title='bbox 1450 1049 1605 1111; x_wconf 85' lang='lat' dir='ltr'>Jesum</span> <span class='ocrx_word' id='word_1_142' title='bbox 1635 1049 1860 1112; x_wconf 85' lang='lat' dir='ltr'>discipuli,</span> <span class='ocrx_word' id='word_1_143' title='bbox 1895 1049 2076 1097; x_wconf 86' lang='lat' dir='ltr'>dicentes</span> <span class='ocrx_word' id='word_1_144' title='bbox 2100 1051 2332 1113; x_wconf 80' lang='lat' dir='ltr'>Magister,</span> 
     </span>
     <span class='ocr_line' id='line_1_14' title="bbox 366 1112 2333 1181; baseline 0.002 -19"><span class='ocrx_word' id='word_1_145' title='bbox 366 1115 470 1172; x_wconf 57' lang='grc' dir='ltr'>σάω</span> <span class='ocrx_word' id='word_1_146' title='bbox 493 1115 594 1179; x_wconf 90' lang='lat' dir='ltr'>Ipse</span> <span class='ocrx_word' id='word_1_147' title='bbox 617 1124 724 1164; x_wconf 84' lang='lat' dir='ltr'>vero</span> <span class='ocrx_word' id='word_1_148' title='bbox 746 1116 864 1163; x_wconf 86' lang='lat' dir='ltr'>dixit</span> <span class='ocrx_word' id='word_1_149' title='bbox 883 1116 987 1172; x_wconf 84' lang='lat' dir='ltr'>illis,</span> <span class='ocrx_word' id='word_1_150' title='bbox 1011 1116 1105 1181; x_wconf 89' lang='lat' dir='ltr'>Ego</span> <span class='ocrx_word' id='word_1_151' title='bbox 1127 1112 1264 1163; x_wconf 86' lang='lat' dir='ltr'>cibum</span> <span class='ocrx_word' id='word_1_152' title='bbox 1284 1114 1416 1162; x_wconf 85' lang='lat' dir='ltr'>habeo</span> <span class='ocrx_word' id='word_1_153' title='bbox 1438 1128 1556 1177; x_wconf 81' lang='lat' dir='ltr'>quem</span> <span class='ocrx_word' id='word_1_154' title='bbox 1578 1113 1712 1171; x_wconf 84' lang='lat' dir='ltr'>edam,</span> <span class='ocrx_word' id='word_1_155' title='bbox 1746 1129 1865 1176; x_wconf 83' lang='lat' dir='ltr'>quem</span> <span class='ocrx_word' id='word_1_156' title='bbox 1889 1130 1964 1162; x_wconf 82' lang='lat' dir='ltr'>vos</span> <span class='ocrx_word' id='word_1_157' title='bbox 1985 1116 2148 1166; x_wconf 79' lang='lat' dir='ltr'>nescitis</span> <span class='ocrx_word' id='word_1_158' title='bbox 2166 1116 2198 1134; x_wconf 79' lang='lat'>’³</span> <span class='ocrx_word' id='word_1_159' title='bbox 2239 1130 2298 1164; x_wconf 79' lang='grc' dir='ltr'>ιν</span> <span class='ocrx_word' id='word_1_160' title='bbox 2320 1134 2333 1165; x_wconf 86' lang='lat'><strong>:</strong></span> 
     </span>
     <span class='ocr_line' id='line_1_15' title="bbox 367 1175 2331 1246; baseline 0.001 -17"><span class='ocrx_word' id='word_1_161' title='bbox 367 1193 447 1244; x_wconf 79' lang='lat'>31.</span> <span class='ocrx_word' id='word_1_162' title='bbox 474 1192 551 1246; x_wconf 79' lang='lat'>32.</span> <span class='ocrx_word' id='word_1_163' title='bbox 619 1177 769 1244; x_wconf 91' lang='lat' dir='ltr'>Apud</span> <span class='ocrx_word' id='word_1_164' title='bbox 805 1181 1021 1231; x_wconf 83' lang='lat' dir='ltr'>Eundem</span> <span class='ocrx_word' id='word_1_165' title='bbox 1059 1175 1240 1243; x_wconf 78' lang='lat' dir='ltr'>“Jefus</span> <span class='ocrx_word' id='word_1_166' title='bbox 1258 1179 1395 1236; x_wconf 83' lang='lat' dir='ltr'>dixit,</span> <span class='ocrx_word' id='word_1_167' title='bbox 1432 1179 1539 1243; x_wconf 75' lang='lat' dir='ltr'>Ego</span> <span class='ocrx_word' id='word_1_168' title='bbox 1579 1182 1675 1228; x_wconf 85' lang='lat' dir='ltr'>sum</span> <span class='ocrx_word' id='word_1_169' title='bbox 1711 1181 1837 1243; x_wconf 75' lang='lat' dir='ltr'>panis</span> <span class='ocrx_word' id='word_1_170' title='bbox 1873 1182 2019 1238; x_wconf 85' lang='lat' dir='ltr'>vivus,</span> <span class='ocrx_word' id='word_1_171' title='bbox 2052 1183 2135 1245; x_wconf 90' lang='lat' dir='ltr'>qui</span> <span class='ocrx_word' id='word_1_172' title='bbox 2160 1196 2185 1228; x_wconf 88' lang='lat' dir='ltr'>e</span> <span class='ocrx_word' id='word_1_173' title='bbox 2207 1183 2331 1231; x_wconf 86' lang='lat' dir='ltr'>coelo</span> 
     </span>
     <span class='ocr_line' id='line_1_16' title="bbox 365 1244 2330 1311; baseline 0.001 -18"><span class='ocrx_word' id='word_1_174' title='bbox 365 1245 614 1302; x_wconf 78' lang='lat' dir='ltr'>descendit,</span> <span class='ocrx_word' id='word_1_175' title='bbox 650 1244 682 1292; x_wconf 78' lang='lat' dir='ltr'>si</span> <span class='ocrx_word' id='word_1_176' title='bbox 704 1245 808 1311; x_wconf 89' lang='lat' dir='ltr'>quis</span> <span class='ocrx_word' id='word_1_177' title='bbox 840 1247 1060 1295; x_wconf 82' lang='lat' dir='ltr'>comederit</span> <span class='ocrx_word' id='word_1_178' title='bbox 1088 1263 1136 1294; x_wconf 82' lang='lat' dir='ltr'>ex</span> <span class='ocrx_word' id='word_1_179' title='bbox 1168 1247 1243 1294; x_wconf 83' lang='lat' dir='ltr'>hoc</span> <span class='ocrx_word' id='word_1_180' title='bbox 1270 1258 1395 1308; x_wconf 79' lang='lat' dir='ltr'>pane,</span> <span class='ocrx_word' id='word_1_181' title='bbox 1432 1247 1558 1292; x_wconf 84' lang='lat' dir='ltr'>vivet</span> <span class='ocrx_word' id='word_1_182' title='bbox 1580 1246 1625 1292; x_wconf 86' lang='lat' dir='ltr'>in</span> <span class='ocrx_word' id='word_1_183' title='bbox 1651 1257 1873 1294; x_wconf 84' lang='lat' dir='ltr'>aeternum</span> <span class='ocrx_word' id='word_1_184' title='bbox 1892 1245 1923 1269; x_wconf 89' lang='lat'>&#39;&#39;</span> <span class='ocrx_word' id='word_1_185' title='bbox 1957 1261 2012 1295; x_wconf 78' lang='lat' dir='ltr'>vi</span> <span class='ocrx_word' id='word_1_186' title='bbox 2035 1264 2046 1293; x_wconf 73' lang='grc' dir='ltr'><strong><em>ε</em></strong></span> <span class='ocrx_word' id='word_1_187' title='bbox 2073 1263 2164 1308; x_wconf 82' lang='lat'>51³</span> <span class='ocrx_word' id='word_1_188' title='bbox 2199 1249 2330 1311; x_wconf 85' lang='lat' dir='ltr'>quod</span> 
     </span>
     <span class='ocr_line' id='line_1_17' title="bbox 364 1310 2330 1376; baseline 0.001 -17"><span class='ocrx_word' id='word_1_189' title='bbox 364 1312 495 1374; x_wconf 80' lang='lat' dir='ltr'>panis</span> <span class='ocrx_word' id='word_1_190' title='bbox 516 1310 708 1359; x_wconf 85' lang='lat' dir='ltr'>coelestis</span> <span class='ocrx_word' id='word_1_191' title='bbox 730 1313 803 1360; x_wconf 91' lang='lat' dir='ltr'>hic</span> <span class='ocrx_word' id='word_1_192' title='bbox 823 1312 1115 1376; x_wconf 83' lang='lat' dir='ltr'>intelligatur,</span> <span class='ocrx_word' id='word_1_193' title='bbox 1150 1320 1306 1376; x_wconf 56' lang='lat' dir='ltr'>patet,</span> <span class='ocrx_word' id='word_1_194' title='bbox 1343 1313 1471 1374; x_wconf 82' lang='lat' dir='ltr'>panis</span> <span class='ocrx_word' id='word_1_195' title='bbox 1502 1311 1693 1360; x_wconf 81' lang='lat' dir='ltr'>coelestis</span> <span class='ocrx_word' id='word_1_196' title='bbox 1716 1312 1781 1359; x_wconf 87' lang='lat' dir='ltr'>est</span> <span class='ocrx_word' id='word_1_197' title='bbox 1803 1326 1944 1360; x_wconf 84' lang='lat' dir='ltr'>omne</span> <span class='ocrx_word' id='word_1_198' title='bbox 1967 1313 2139 1360; x_wconf 85' lang='lat' dir='ltr'>bonum</span> <span class='ocrx_word' id='word_1_199' title='bbox 2162 1315 2330 1360; x_wconf 83' lang='lat' dir='ltr'>amoris</span> 
     </span>
     <span class='ocr_line' id='line_1_18' title="bbox 365 1376 2329 1451; baseline 0.001 -27"><span class='ocrx_word' id='word_1_200' title='bbox 365 1377 417 1424; x_wconf 89' lang='grc' dir='ltr'>ὅτ</span> <span class='ocrx_word' id='word_1_201' title='bbox 439 1376 544 1424; x_wconf 87' lang='lat' dir='ltr'>fidei</span> <span class='ocrx_word' id='word_1_202' title='bbox 566 1394 591 1425; x_wconf 90' lang='lat' dir='ltr'>a</span> <span class='ocrx_word' id='word_1_203' title='bbox 614 1378 841 1436; x_wconf 88' lang='lat' dir='ltr'>Domino,</span> <span class='ocrx_word' id='word_1_204' title='bbox 877 1390 937 1427; x_wconf 86' lang='lat' dir='ltr'>n:</span> <span class='ocrx_word' id='word_1_205' title='bbox 964 1378 1106 1440; x_wconf 82' lang='lat'><strong>2165.</strong></span> <span class='ocrx_word' id='word_1_206' title='bbox 1135 1392 1277 1442; x_wconf 87' lang='lat'>2177.</span> <span class='ocrx_word' id='word_1_207' title='bbox 1312 1377 1459 1440; x_wconf 84' lang='lat'><strong>3464.</strong></span> <span class='ocrx_word' id='word_1_208' title='bbox 1487 1382 1630 1440; x_wconf 85' lang='lat'>3478.</span> <span class='ocrx_word' id='word_1_209' title='bbox 1668 1392 1812 1441; x_wconf 84' lang='lat'>3735.</span> <span class='ocrx_word' id='word_1_210' title='bbox 1839 1381 1985 1440; x_wconf 78' lang='lat'>3813.</span> <span class='ocrx_word' id='word_1_211' title='bbox 2004 1393 2151 1451; x_wconf 44' lang='lat' dir='ltr'>421.t.</span> <span class='ocrx_word' id='word_1_212' title='bbox 2178 1393 2329 1441; x_wconf 86' lang='lat'>4217.·</span> 
     </span>
     <span class='ocr_line' id='line_1_19' title="bbox 365 1443 2330 1572; baseline 0.001 -17"><span class='ocrx_word' id='word_1_213' title='bbox 365 1457 428 1555; x_wconf 59' lang='grc' dir='ltr'>ἐξ</span> <span class='ocrx_word' id='word_1_214' title='bbox 437 1443 772 1557; x_wconf 39' lang='lat' dir='ltr'>{effice</span> <span class='ocrx_word' id='word_1_215' title='bbox 785 1446 1032 1566; x_wconf 43' lang='lat' dir='ltr'>{523¹ssss</span> <span class='ocrx_word' id='word_1_216' title='bbox 1038 1460 1117 1555; x_wconf 61' lang='lat' dir='ltr'>siai</span> <span class='ocrx_word' id='word_1_217' title='bbox 1123 1457 1199 1505; x_wconf 97' lang='grc'><em>3</em></span> <span class='ocrx_word' id='word_1_218' title='bbox 1217 1443 2330 1572; x_wconf 43' lang='lat' dir='ltr'>sessffi{3551siossssbffissfiiilfiiifflffinissss</span> 
     </span>
     <span class='ocr_line' id='line_1_20' title="bbox 364 1571 2324 1639; baseline 0.002 -19"><span class='ocrx_word' id='word_1_219' title='bbox 364 1571 588 1636; x_wconf 84' lang='lat' dir='ltr'>incipietis</span> <span class='ocrx_word' id='word_1_220' title='bbox 611 1573 775 1629; x_wconf 85' lang='lat' dir='ltr'><strong>dicere,</strong></span> <span class='ocrx_word' id='word_1_221' title='bbox 810 1573 968 1623; x_wconf 83' lang='lat' dir='ltr'>edimus</span> <span class='ocrx_word' id='word_1_222' title='bbox 989 1591 1130 1622; x_wconf 89' lang='lat' dir='ltr'>coram</span> <span class='ocrx_word' id='word_1_223' title='bbox 1155 1574 1230 1631; x_wconf 82' lang='lat' dir='ltr'>Te,</span> <span class='ocrx_word' id='word_1_224' title='bbox 1267 1576 1317 1622; x_wconf 91' lang='grc' dir='ltr'>ὅτ</span> <span class='ocrx_word' id='word_1_225' title='bbox 1338 1573 1533 1631; x_wconf 84' lang='lat' dir='ltr'>bibimus,</span> <span class='ocrx_word' id='word_1_226' title='bbox 1570 1577 1619 1622; x_wconf 88' lang='grc' dir='ltr'>ὅτ</span> <span class='ocrx_word' id='word_1_227' title='bbox 1644 1576 1688 1620; x_wconf 89' lang='lat' dir='ltr'>in</span> <span class='ocrx_word' id='word_1_228' title='bbox 1723 1575 1882 1639; x_wconf 87' lang='lat' dir='ltr'>plateis</span> <span class='ocrx_word' id='word_1_229' title='bbox 1908 1574 2067 1621; x_wconf 86' lang='lat' dir='ltr'>nostris</span> <span class='ocrx_word' id='word_1_230' title='bbox 2099 1573 2289 1622; x_wconf 90' lang='lat' dir='ltr'>docuisti</span> <span class='ocrx_word' id='word_1_231' title='bbox 2310 1591 2324 1623; x_wconf 70' lang='grc' dir='ltr'><em>ε</em></span> 
     </span>
     <span class='ocr_line' id='line_1_21' title="bbox 365 1636 2329 1703; baseline 0.002 -19"><span class='ocrx_word' id='word_1_232' title='bbox 365 1636 440 1685; x_wconf 89' lang='lat' dir='ltr'>sed</span> <span class='ocrx_word' id='word_1_233' title='bbox 461 1638 597 1696; x_wconf 87' lang='lat' dir='ltr'>dicet,</span> <span class='ocrx_word' id='word_1_234' title='bbox 631 1639 736 1686; x_wconf 88' lang='lat' dir='ltr'>dico</span> <span class='ocrx_word' id='word_1_235' title='bbox 751 1642 902 1696; x_wconf 87' lang='lat' dir='ltr'>vobis,</span> <span class='ocrx_word' id='word_1_236' title='bbox 935 1654 1027 1688; x_wconf 88' lang='lat' dir='ltr'>non</span> <span class='ocrx_word' id='word_1_237' title='bbox 1050 1641 1158 1687; x_wconf 88' lang='lat' dir='ltr'>novi</span> <span class='ocrx_word' id='word_1_238' title='bbox 1184 1655 1264 1687; x_wconf 89' lang='lat' dir='ltr'>vos</span> <span class='ocrx_word' id='word_1_239' title='bbox 1287 1640 1408 1688; x_wconf 88' lang='lat' dir='ltr'>unde</span> <span class='ocrx_word' id='word_1_240' title='bbox 1434 1641 1519 1687; x_wconf 87' lang='lat' dir='ltr'>fitis</span> <span class='ocrx_word' id='word_1_241' title='bbox 1538 1661 1551 1694; x_wconf 86' lang='lat'>;</span> <span class='ocrx_word' id='word_1_242' title='bbox 1588 1641 1798 1688; x_wconf 88' lang='lat' dir='ltr'>discedite</span> <span class='ocrx_word' id='word_1_243' title='bbox 1816 1656 1840 1687; x_wconf 92' lang='lat' dir='ltr'>a</span> <span class='ocrx_word' id='word_1_244' title='bbox 1858 1640 1945 1687; x_wconf 91' lang='lat' dir='ltr'>Me</span> <span class='ocrx_word' id='word_1_245' title='bbox 1962 1655 2119 1688; x_wconf 89' lang='lat' dir='ltr'>omnes</span> <span class='ocrx_word' id='word_1_246' title='bbox 2135 1641 2329 1703; x_wconf 86' lang='lat' dir='ltr'>operarii</span> 
     </span>
     <span class='ocr_line' id='line_1_22' title="bbox 362 1702 2328 1769; baseline 0.002 -19"><span class='ocrx_word' id='word_1_247' title='bbox 362 1702 617 1767; x_wconf 81' lang='lat' dir='ltr'>iniquitatis</span> <span class='ocrx_word' id='word_1_248' title='bbox 635 1703 668 1723; x_wconf 90' lang='lat'>’&#39;</span> <span class='ocrx_word' id='word_1_249' title='bbox 701 1720 798 1752; x_wconf 82' lang='lat' dir='ltr'>xm</span> <span class='ocrx_word' id='word_1_250' title='bbox 820 1723 831 1753; x_wconf 73' lang='grc' dir='ltr'>ε</span> <span class='ocrx_word' id='word_1_251' title='bbox 860 1706 938 1754; x_wconf 84' lang='lat'>26.</span> <span class='ocrx_word' id='word_1_252' title='bbox 967 1721 1026 1769; x_wconf 90' lang='lat'>27</span> <span class='ocrx_word' id='word_1_253' title='bbox 1047 1727 1062 1760; x_wconf 90' lang='lat'>;</span> <span class='ocrx_word' id='word_1_254' title='bbox 1096 1705 1227 1753; x_wconf 85' lang='lat' dir='ltr'>edere</span> <span class='ocrx_word' id='word_1_255' title='bbox 1249 1707 1299 1753; x_wconf 91' lang='grc' dir='ltr'>ὅτ</span> <span class='ocrx_word' id='word_1_256' title='bbox 1323 1705 1475 1752; x_wconf 86' lang='lat' dir='ltr'>bibere</span> <span class='ocrx_word' id='word_1_257' title='bbox 1498 1721 1648 1753; x_wconf 88' lang='lat' dir='ltr'>coram</span> <span class='ocrx_word' id='word_1_258' title='bbox 1672 1707 1879 1753; x_wconf 89' lang='lat' dir='ltr'>Domino</span> <span class='ocrx_word' id='word_1_259' title='bbox 1894 1706 1999 1768; x_wconf 77' lang='lat' dir='ltr'>‘pro</span> <span class='ocrx_word' id='word_1_260' title='bbox 2032 1706 2246 1753; x_wconf 87' lang='lat' dir='ltr'>instruere</span> <span class='ocrx_word' id='word_1_261' title='bbox 2268 1719 2328 1754; x_wconf 80' lang='lat' dir='ltr'>ex</span> 
     </span>
     <span class='ocr_line' id='line_1_23' title="bbox 363 1767 2328 1836; baseline 0.003 -21"><span class='ocrx_word' id='word_1_262' title='bbox 363 1767 518 1817; x_wconf 86' lang='lat' dir='ltr'>Verbo</span> <span class='ocrx_word' id='word_1_263' title='bbox 540 1769 597 1817; x_wconf 90' lang='lat' dir='ltr'>de</span> <span class='ocrx_word' id='word_1_264' title='bbox 620 1770 749 1816; x_wconf 91' lang='lat' dir='ltr'>bonis</span> <span class='ocrx_word' id='word_1_265' title='bbox 773 1772 822 1818; x_wconf 87' lang='grc' dir='ltr'>ὅτ</span> <span class='ocrx_word' id='word_1_266' title='bbox 851 1772 967 1818; x_wconf 87' lang='lat' dir='ltr'>veris</span> <span class='ocrx_word' id='word_1_267' title='bbox 991 1770 1098 1819; x_wconf 87' lang='lat' dir='ltr'>fidei</span> <span class='ocrx_word' id='word_1_268' title='bbox 1119 1793 1133 1825; x_wconf 63' lang='grc' dir='ltr'><strong>ς</strong></span> <span class='ocrx_word' id='word_1_269' title='bbox 1171 1772 1214 1818; x_wconf 90' lang='lat' dir='ltr'>in</span> <span class='ocrx_word' id='word_1_270' title='bbox 1240 1772 1396 1834; x_wconf 88' lang='lat' dir='ltr'>plateis</span> <span class='ocrx_word' id='word_1_271' title='bbox 1434 1771 1595 1819; x_wconf 89' lang='lat' dir='ltr'>docere</span> <span class='ocrx_word' id='word_1_272' title='bbox 1618 1787 1701 1835; x_wconf 86' lang='lat' dir='ltr'>pro</span> <span class='ocrx_word' id='word_1_273' title='bbox 1723 1787 1778 1818; x_wconf 87' lang='lat' dir='ltr'>ex</span> <span class='ocrx_word' id='word_1_274' title='bbox 1803 1772 1960 1819; x_wconf 91' lang='lat' dir='ltr'>Verbo</span> <span class='ocrx_word' id='word_1_275' title='bbox 1986 1772 2184 1819; x_wconf 87' lang='lat' dir='ltr'>Domini</span> <span class='ocrx_word' id='word_1_276' title='bbox 2210 1787 2328 1836; x_wconf 85' lang='lat' dir='ltr'>prae-</span> 
     </span>
     <span class='ocr_line' id='line_1_24' title="bbox 364 1833 2327 1902; baseline 0.003 -22"><span class='ocrx_word' id='word_1_277' title='bbox 364 1833 509 1883; x_wconf 75' lang='lat' dir='ltr'>‘dicare</span> <span class='ocrx_word' id='word_1_278' title='bbox 534 1850 635 1882; x_wconf 88' lang='lat' dir='ltr'>vera</span> <span class='ocrx_word' id='word_1_279' title='bbox 654 1857 670 1890; x_wconf 74' lang='lat'>3</span> <span class='ocrx_word' id='word_1_280' title='bbox 704 1836 1030 1899; x_wconf 70' lang='lat' dir='ltr'>praedicabatur</span> <span class='ocrx_word' id='word_1_281' title='bbox 1063 1838 1187 1884; x_wconf 88' lang='lat' dir='ltr'>enim</span> <span class='ocrx_word' id='word_1_282' title='bbox 1211 1838 1325 1884; x_wconf 87' lang='lat' dir='ltr'>olim</span> <span class='ocrx_word' id='word_1_283' title='bbox 1351 1836 1393 1883; x_wconf 87' lang='lat' dir='ltr'>in</span> <span class='ocrx_word' id='word_1_284' title='bbox 1417 1837 1590 1899; x_wconf 88' lang='lat' dir='ltr'>plateis,</span> <span class='ocrx_word' id='word_1_285' title='bbox 1624 1837 1841 1902; x_wconf 86' lang='lat' dir='ltr'>quoniam</span> <span class='ocrx_word' id='word_1_286' title='bbox 1875 1837 2040 1900; x_wconf 82' lang='lat' dir='ltr'>plateae</span> <span class='ocrx_word' id='word_1_287' title='bbox 2073 1836 2327 1898; x_wconf 77' lang='lat' dir='ltr'>significant</span> 
     </span>
     <span class='ocr_line' id='line_1_25' title="bbox 365 1900 2325 1968; baseline 0.003 -23"><span class='ocrx_word' id='word_1_288' title='bbox 365 1914 469 1947; x_wconf 89' lang='lat' dir='ltr'>vera</span> <span class='ocrx_word' id='word_1_289' title='bbox 490 1900 711 1948; x_wconf 70' lang='lat' dir='ltr'>doftrinae</span> <span class='ocrx_word' id='word_1_290' title='bbox 730 1901 956 1958; x_wconf 85' lang='lat' dir='ltr'>Ecclefiae,</span> <span class='ocrx_word' id='word_1_291' title='bbox 981 1918 1038 1949; x_wconf 89' lang='lat' dir='ltr'>n:</span> <span class='ocrx_word' id='word_1_292' title='bbox 1065 1916 1204 1965; x_wconf 83' lang='lat'><em>2337.</em></span> <span class='ocrx_word' id='word_1_293' title='bbox 1274 1903 1418 1964; x_wconf 89' lang='lat' dir='ltr'>Apud</span> <span class='ocrx_word' id='word_1_294' title='bbox 1436 1902 1615 1953; x_wconf 86' lang='lat' dir='ltr'>Esaiam</span> <span class='ocrx_word' id='word_1_295' title='bbox 1652 1911 1688 1933; x_wconf 76' lang='lat'>‘⁴</span> <span class='ocrx_word' id='word_1_296' title='bbox 1708 1903 1855 1950; x_wconf 84' lang='lat' dir='ltr'>Omnis</span> <span class='ocrx_word' id='word_1_297' title='bbox 1861 1902 2010 1960; x_wconf 80' lang='lat' dir='ltr'>sitiens</span> <span class='ocrx_word' id='word_1_298' title='bbox 2029 1902 2087 1949; x_wconf 83' lang='lat' dir='ltr'>ite</span> <span class='ocrx_word' id='word_1_299' title='bbox 2103 1902 2162 1950; x_wconf 82' lang='lat' dir='ltr'>ad</span> <span class='ocrx_word' id='word_1_300' title='bbox 2175 1919 2325 1968; x_wconf 78' lang='lat' dir='ltr'>aquas,</span> 
     </span>
     <span class='ocr_line' id='line_1_26' title="bbox 365 1966 2327 2029; baseline 0.001 -15"><span class='ocrx_word' id='word_1_301' title='bbox 365 1966 414 2014; x_wconf 86' lang='grc' dir='ltr'>ὅτ</span> <span class='ocrx_word' id='word_1_302' title='bbox 437 1966 510 2013; x_wconf 92' lang='lat' dir='ltr'>cui</span> <span class='ocrx_word' id='word_1_303' title='bbox 536 1981 626 2013; x_wconf 91' lang='lat' dir='ltr'>non</span> <span class='ocrx_word' id='word_1_304' title='bbox 650 1966 711 2013; x_wconf 87' lang='lat' dir='ltr'>est</span> <span class='ocrx_word' id='word_1_305' title='bbox 735 1980 990 2029; x_wconf 86' lang='lat' dir='ltr'>argentum,</span> <span class='ocrx_word' id='word_1_306' title='bbox 1018 1968 1106 2023; x_wconf 83' lang='lat' dir='ltr'>ite,</span> <span class='ocrx_word' id='word_1_307' title='bbox 1140 1966 1279 2015; x_wconf 89' lang='lat' dir='ltr'>emite</span> <span class='ocrx_word' id='word_1_308' title='bbox 1303 1969 1350 2015; x_wconf 77' lang='grc' dir='ltr'>ὅτ</span> <span class='ocrx_word' id='word_1_309' title='bbox 1372 1967 1579 2023; x_wconf 85' lang='lat' dir='ltr'>comedite,</span> <span class='ocrx_word' id='word_1_310' title='bbox 1617 1970 1678 2016; x_wconf 86' lang='lat' dir='ltr'>ite</span> <span class='ocrx_word' id='word_1_311' title='bbox 1694 1969 1834 2017; x_wconf 85' lang='lat' dir='ltr'>emite</span> <span class='ocrx_word' id='word_1_312' title='bbox 1853 1968 1942 2015; x_wconf 86' lang='lat' dir='ltr'>fine</span> <span class='ocrx_word' id='word_1_313' title='bbox 1964 1981 2171 2029; x_wconf 85' lang='lat' dir='ltr'>argento,</span> <span class='ocrx_word' id='word_1_314' title='bbox 2206 1971 2255 2016; x_wconf 86' lang='grc' dir='ltr'>ὅτ</span> <span class='ocrx_word' id='word_1_315' title='bbox 2274 1969 2327 2016; x_wconf 81' lang='lat' dir='ltr'>fi-</span> 
     </span>
     <span class='ocr_line' id='line_1_27' title="bbox 363 2033 2324 2097; baseline 0.003 -21"><span class='ocrx_word' id='word_1_316' title='bbox 363 2045 421 2077; x_wconf 87' lang='lat' dir='ltr'>ne</span> <span class='ocrx_word' id='word_1_317' title='bbox 446 2033 591 2094; x_wconf 87' lang='lat' dir='ltr'>pretio</span> <span class='ocrx_word' id='word_1_318' title='bbox 608 2034 757 2080; x_wconf 85' lang='lat' dir='ltr'>vinum</span> <span class='ocrx_word' id='word_1_319' title='bbox 783 2035 832 2081; x_wconf 92' lang='grc' dir='ltr'>ὅτ</span> <span class='ocrx_word' id='word_1_320' title='bbox 854 2034 921 2080; x_wconf 90' lang='lat' dir='ltr'>lac</span> <span class='ocrx_word' id='word_1_321' title='bbox 937 2050 954 2079; x_wconf 87' lang='lat'>.·</span> <span class='ocrx_word' id='word_1_322' title='bbox 987 2048 1124 2096; x_wconf 89' lang='lat' dir='ltr'>quare</span> <span class='ocrx_word' id='word_1_323' title='bbox 1147 2033 1403 2097; x_wconf 87' lang='lat' dir='ltr'>appenditis</span> <span class='ocrx_word' id='word_1_324' title='bbox 1434 2047 1672 2096; x_wconf 85' lang='lat' dir='ltr'>argentum</span> <span class='ocrx_word' id='word_1_325' title='bbox 1699 2046 1783 2096; x_wconf 90' lang='lat' dir='ltr'>pro</span> <span class='ocrx_word' id='word_1_326' title='bbox 1811 2048 1854 2081; x_wconf 84' lang='lat' dir='ltr'>eo</span> <span class='ocrx_word' id='word_1_327' title='bbox 1878 2034 1989 2097; x_wconf 80' lang='lat' dir='ltr'>quod</span> <span class='ocrx_word' id='word_1_328' title='bbox 2006 2049 2084 2081; x_wconf 88' lang='lat' dir='ltr'>non</span> <span class='ocrx_word' id='word_1_329' title='bbox 2108 2034 2162 2094; x_wconf 71' lang='lat' dir='ltr'>eli</span> <span class='ocrx_word' id='word_1_330' title='bbox 2177 2036 2324 2097; x_wconf 82' lang='lat' dir='ltr'>panis,</span> 
     </span>
     <span class='ocr_line' id='line_1_28' title="bbox 359 2095 2324 2167; baseline 0.001 -23"><span class='ocrx_word' id='word_1_331' title='bbox 359 2098 410 2144; x_wconf 91' lang='grc' dir='ltr'>ὅτ</span> <span class='ocrx_word' id='word_1_332' title='bbox 427 2095 629 2145; x_wconf 90' lang='lat' dir='ltr'>laborem</span> <span class='ocrx_word' id='word_1_333' title='bbox 644 2097 841 2146; x_wconf 88' lang='lat' dir='ltr'>vestrum</span> <span class='ocrx_word' id='word_1_334' title='bbox 861 2114 946 2163; x_wconf 89' lang='lat' dir='ltr'>pro</span> <span class='ocrx_word' id='word_1_335' title='bbox 961 2114 1016 2145; x_wconf 91' lang='lat' dir='ltr'>eo</span> <span class='ocrx_word' id='word_1_336' title='bbox 1029 2097 1138 2161; x_wconf 88' lang='lat' dir='ltr'>quod</span> <span class='ocrx_word' id='word_1_337' title='bbox 1158 2115 1235 2146; x_wconf 90' lang='lat' dir='ltr'>non</span> <span class='ocrx_word' id='word_1_338' title='bbox 1247 2099 1307 2146; x_wconf 88' lang='lat' dir='ltr'>ad</span> <span class='ocrx_word' id='word_1_339' title='bbox 1316 2100 1560 2161; x_wconf 82' lang='lat' dir='ltr'>satietatem</span> <span class='ocrx_word' id='word_1_340' title='bbox 1578 2118 1594 2148; x_wconf 90' lang='lat'>.·</span> <span class='ocrx_word' id='word_1_341' title='bbox 1616 2100 1835 2148; x_wconf 89' lang='lat' dir='ltr'>attendite</span> <span class='ocrx_word' id='word_1_342' title='bbox 1857 2100 2132 2147; x_wconf 89' lang='lat' dir='ltr'>attendendo</span> <span class='ocrx_word' id='word_1_343' title='bbox 2146 2102 2202 2148; x_wconf 87' lang='lat' dir='ltr'>ad</span> <span class='ocrx_word' id='word_1_344' title='bbox 2218 2100 2324 2167; x_wconf 70' lang='lat' dir='ltr'>Me,</span> 
     </span>
     <span class='ocr_line' id='line_1_29' title="bbox 362 2162 2325 2227; baseline 0.001 -17"><span class='ocrx_word' id='word_1_345' title='bbox 362 2162 414 2210; x_wconf 90' lang='grc' dir='ltr'>ὅτ</span> <span class='ocrx_word' id='word_1_346' title='bbox 431 2162 626 2210; x_wconf 83' lang='lat' dir='ltr'>comedite</span> <span class='ocrx_word' id='word_1_347' title='bbox 646 2162 811 2220; x_wconf 87' lang='lat' dir='ltr'>bonum,</span> <span class='ocrx_word' id='word_1_348' title='bbox 845 2177 899 2212; x_wconf 93' lang='lat' dir='ltr'>ut</span> <span class='ocrx_word' id='word_1_349' title='bbox 920 2163 1154 2212; x_wconf 87' lang='lat' dir='ltr'>delicietur</span> <span class='ocrx_word' id='word_1_350' title='bbox 1169 2166 1215 2212; x_wconf 91' lang='lat' dir='ltr'>in</span> <span class='ocrx_word' id='word_1_351' title='bbox 1223 2165 1475 2227; x_wconf 85' lang='lat' dir='ltr'>pinguedine</span> <span class='ocrx_word' id='word_1_352' title='bbox 1493 2166 1643 2214; x_wconf 86' lang='lat' dir='ltr'>anima</span> <span class='ocrx_word' id='word_1_353' title='bbox 1660 2167 1801 2214; x_wconf 87' lang='lat' dir='ltr'>vestra</span> <span class='ocrx_word' id='word_1_354' title='bbox 1821 2182 1831 2212; x_wconf 77' lang='grc' dir='ltr'><strong><em>ε</em></strong></span> <span class='ocrx_word' id='word_1_355' title='bbox 1856 2166 2060 2212; x_wconf 77' lang='lat' dir='ltr'>inclinate</span> <span class='ocrx_word' id='word_1_356' title='bbox 2078 2179 2228 2212; x_wconf 84' lang='lat' dir='ltr'>aurem</span> <span class='ocrx_word' id='word_1_357' title='bbox 2250 2180 2325 2212; x_wconf 89' lang='lat' dir='ltr'>ve-</span> 
     </span>
     <span class='ocr_line' id='line_1_30' title="bbox 361 2226 2322 2295; baseline 0.002 -22"><span class='ocrx_word' id='word_1_358' title='bbox 361 2226 523 2283; x_wconf 77' lang='lat' dir='ltr'>stram,¹</span> <span class='ocrx_word' id='word_1_359' title='bbox 548 2229 597 2276; x_wconf 89' lang='grc' dir='ltr'>ὅτ</span> <span class='ocrx_word' id='word_1_360' title='bbox 622 2228 680 2276; x_wconf 88' lang='lat' dir='ltr'>ite</span> <span class='ocrx_word' id='word_1_361' title='bbox 701 2230 755 2275; x_wconf 92' lang='lat' dir='ltr'>ad</span> <span class='ocrx_word' id='word_1_362' title='bbox 783 2229 885 2285; x_wconf 90' lang='lat' dir='ltr'>Me,</span> <span class='ocrx_word' id='word_1_363' title='bbox 920 2229 1083 2286; x_wconf 86' lang='lat' dir='ltr'>audite,</span> <span class='ocrx_word' id='word_1_364' title='bbox 1117 2242 1167 2277; x_wconf 91' lang='lat' dir='ltr'>ut</span> <span class='ocrx_word' id='word_1_365' title='bbox 1182 2231 1314 2278; x_wconf 84' lang='lat' dir='ltr'>vivat</span> <span class='ocrx_word' id='word_1_366' title='bbox 1335 2233 1483 2278; x_wconf 87' lang='lat' dir='ltr'>anima</span> <span class='ocrx_word' id='word_1_367' title='bbox 1506 2232 1670 2279; x_wconf 77' lang='lat' dir='ltr'>vestra:</span> <span class='ocrx_word' id='word_1_368' title='bbox 1712 2248 1768 2279; x_wconf 88' lang='lat' dir='ltr'>en</span> <span class='ocrx_word' id='word_1_369' title='bbox 1793 2231 1951 2279; x_wconf 88' lang='lat' dir='ltr'>testem</span> <span class='ocrx_word' id='word_1_370' title='bbox 1994 2231 2179 2295; x_wconf 84' lang='lat' dir='ltr'>populis</span> <span class='ocrx_word' id='word_1_371' title='bbox 2217 2230 2322 2278; x_wconf 84' lang='lat' dir='ltr'>dedi</span> 
     </span>
     <span class='ocr_line' id='line_1_31' title="bbox 360 2292 2324 2360; baseline 0.002 -21"><span class='ocrx_word' id='word_1_372' title='bbox 360 2292 535 2356; x_wconf 87' lang='lat' dir='ltr'>Ipsum,</span> <span class='ocrx_word' id='word_1_373' title='bbox 571 2294 825 2358; x_wconf 85' lang='lat' dir='ltr'>Principem</span> <span class='ocrx_word' id='word_1_374' title='bbox 845 2296 894 2342; x_wconf 85' lang='grc' dir='ltr'>ὅτ</span> <span class='ocrx_word' id='word_1_375' title='bbox 919 2294 1244 2357; x_wconf 85' lang='lat' dir='ltr'>Legissatorem</span> <span class='ocrx_word' id='word_1_376' title='bbox 1269 2297 1512 2358; x_wconf 82' lang='lat' dir='ltr'>gentibus’&#39;</span> <span class='ocrx_word' id='word_1_377' title='bbox 1549 2314 1634 2347; x_wconf 65' lang='lat' dir='ltr'>nv:</span> <span class='ocrx_word' id='word_1_378' title='bbox 1666 2315 1706 2347; x_wconf 88' lang='lat'>1.</span> <span class='ocrx_word' id='word_1_379' title='bbox 1727 2314 1769 2345; x_wconf 85' lang='lat'>2.</span> <span class='ocrx_word' id='word_1_380' title='bbox 1788 2314 1833 2360; x_wconf 91' lang='grc'>3.</span> <span class='ocrx_word' id='word_1_381' title='bbox 1854 2314 1900 2356; x_wconf 83' lang='grc'>4.</span> <span class='ocrx_word' id='word_1_382' title='bbox 1922 2313 1950 2357; x_wconf 90' lang='lat'><em>5</em></span> <span class='ocrx_word' id='word_1_383' title='bbox 1973 2317 1988 2350; x_wconf 65' lang='grc' dir='ltr'>ε</span> <span class='ocrx_word' id='word_1_384' title='bbox 2024 2296 2084 2343; x_wconf 89' lang='lat' dir='ltr'>ibi</span> <span class='ocrx_word' id='word_1_385' title='bbox 2107 2296 2234 2358; x_wconf 92' lang='lat' dir='ltr'>quod</span> <span class='ocrx_word' id='word_1_386' title='bbox 2258 2296 2324 2343; x_wconf 90' lang='lat' dir='ltr'>bi-</span> 
     </span>
     <span class='ocr_line' id='line_1_32' title="bbox 359 2358 2324 2427; baseline 0.002 -22"><span class='ocrx_word' id='word_1_387' title='bbox 359 2358 466 2405; x_wconf 88' lang='lat' dir='ltr'>bere</span> <span class='ocrx_word' id='word_1_388' title='bbox 490 2359 537 2405; x_wconf 85' lang='lat'>&amp;</span> <span class='ocrx_word' id='word_1_389' title='bbox 577 2359 708 2406; x_wconf 90' lang='lat' dir='ltr'>edere</span> <span class='ocrx_word' id='word_1_390' title='bbox 742 2360 797 2407; x_wconf 87' lang='lat' dir='ltr'>fit</span> <span class='ocrx_word' id='word_1_391' title='bbox 829 2360 1059 2409; x_wconf 86' lang='lat' dir='ltr'>informari</span> <span class='ocrx_word' id='word_1_392' title='bbox 1094 2378 1118 2408; x_wconf 90' lang='lat' dir='ltr'>a</span> <span class='ocrx_word' id='word_1_393' title='bbox 1155 2362 1380 2418; x_wconf 90' lang='lat' dir='ltr'>Domino,</span> <span class='ocrx_word' id='word_1_394' title='bbox 1431 2363 1481 2409; x_wconf 88' lang='lat'>&amp;</span> <span class='ocrx_word' id='word_1_395' title='bbox 1515 2364 1642 2427; x_wconf 84' lang='lat' dir='ltr'>quod</span> <span class='ocrx_word' id='word_1_396' title='bbox 1674 2379 1827 2427; x_wconf 85' lang='lat' dir='ltr'>aquae,</span> <span class='ocrx_word' id='word_1_397' title='bbox 1864 2363 2045 2417; x_wconf 85' lang='lat' dir='ltr'>vinum,</span> <span class='ocrx_word' id='word_1_398' title='bbox 2079 2362 2161 2417; x_wconf 91' lang='lat' dir='ltr'>lac,</span> <span class='ocrx_word' id='word_1_399' title='bbox 2197 2362 2324 2424; x_wconf 79' lang='lat' dir='ltr'>panis</span> 
     </span>
     <span class='ocr_line' id='line_1_33' title="bbox 359 2422 2322 2492; baseline 0.001 -20"><span class='ocrx_word' id='word_1_400' title='bbox 359 2423 410 2472; x_wconf 87' lang='lat'>&amp;</span> <span class='ocrx_word' id='word_1_401' title='bbox 434 2422 687 2487; x_wconf 83' lang='lat' dir='ltr'>pinguedo,</span> <span class='ocrx_word' id='word_1_402' title='bbox 724 2425 807 2475; x_wconf 88' lang='lat' dir='ltr'>fint</span> <span class='ocrx_word' id='word_1_403' title='bbox 828 2442 934 2489; x_wconf 88' lang='lat' dir='ltr'>quae</span> <span class='ocrx_word' id='word_1_404' title='bbox 967 2429 1068 2474; x_wconf 84' lang='lat' dir='ltr'>lunt</span> <span class='ocrx_word' id='word_1_405' title='bbox 1104 2427 1198 2474; x_wconf 87' lang='lat' dir='ltr'>veri</span> <span class='ocrx_word' id='word_1_406' title='bbox 1238 2428 1288 2474; x_wconf 91' lang='grc' dir='ltr'>ὅτ</span> <span class='ocrx_word' id='word_1_407' title='bbox 1326 2427 1430 2476; x_wconf 86' lang='lat' dir='ltr'>boni</span> <span class='ocrx_word' id='word_1_408' title='bbox 1468 2429 1574 2475; x_wconf 87' lang='lat' dir='ltr'>fidei</span> <span class='ocrx_word' id='word_1_409' title='bbox 1597 2430 1654 2477; x_wconf 89' lang='lat' dir='ltr'>ab</span> <span class='ocrx_word' id='word_1_410' title='bbox 1675 2429 1796 2492; x_wconf 89' lang='lat' dir='ltr'>Ipso,</span> <span class='ocrx_word' id='word_1_411' title='bbox 1833 2440 1971 2491; x_wconf 86' lang='lat' dir='ltr'>patet,</span> <span class='ocrx_word' id='word_1_412' title='bbox 2010 2442 2112 2474; x_wconf 88' lang='lat' dir='ltr'>nam</span> <span class='ocrx_word' id='word_1_413' title='bbox 2137 2426 2322 2483; x_wconf 82' lang='lat' dir='ltr'>dicitur,</span> 
     </span>
     <span class='ocr_line' id='line_1_34' title="bbox 359 2488 2321 2551; baseline 0.003 -17"><span class='ocrx_word' id='word_1_414' title='bbox 359 2496 394 2518; x_wconf 82' lang='lat'><strong>“</strong></span> <span class='ocrx_word' id='word_1_415' title='bbox 413 2488 628 2537; x_wconf 88' lang='lat' dir='ltr'>Inclinate</span> <span class='ocrx_word' id='word_1_416' title='bbox 649 2505 799 2540; x_wconf 83' lang='lat' dir='ltr'>aurem</span> <span class='ocrx_word' id='word_1_417' title='bbox 825 2493 1032 2550; x_wconf 84' lang='lat' dir='ltr'>vestram,</span> <span class='ocrx_word' id='word_1_418' title='bbox 1067 2493 1128 2540; x_wconf 78' lang='lat' dir='ltr'>ite</span> <span class='ocrx_word' id='word_1_419' title='bbox 1151 2492 1206 2540; x_wconf 91' lang='lat' dir='ltr'>ad</span> <span class='ocrx_word' id='word_1_420' title='bbox 1232 2492 1334 2551; x_wconf 90' lang='lat' dir='ltr'>Me,</span> <span class='ocrx_word' id='word_1_421' title='bbox 1370 2493 1537 2551; x_wconf 84' lang='lat' dir='ltr'>audite,</span> <span class='ocrx_word' id='word_1_422' title='bbox 1573 2508 1626 2543; x_wconf 91' lang='lat' dir='ltr'>ut</span> <span class='ocrx_word' id='word_1_423' title='bbox 1646 2493 1771 2542; x_wconf 85' lang='lat' dir='ltr'>vivat</span> <span class='ocrx_word' id='word_1_424' title='bbox 1793 2495 1942 2541; x_wconf 87' lang='lat' dir='ltr'>anima</span> <span class='ocrx_word' id='word_1_425' title='bbox 1963 2492 2135 2547; x_wconf 86' lang='lat' dir='ltr'>vestra;</span> <span class='ocrx_word' id='word_1_426' title='bbox 2170 2507 2227 2539; x_wconf 91' lang='lat' dir='ltr'>en</span> <span class='ocrx_word' id='word_1_427' title='bbox 2252 2504 2321 2540; x_wconf 90' lang='lat' dir='ltr'>te-</span> 
     </span>
     <span class='ocr_line' id='line_1_35' title="bbox 358 2552 2321 2623; baseline 0.003 -24"><span class='ocrx_word' id='word_1_428' title='bbox 358 2552 473 2600; x_wconf 82' lang='lat' dir='ltr'>stem</span> <span class='ocrx_word' id='word_1_429' title='bbox 497 2555 679 2618; x_wconf 88' lang='lat' dir='ltr'>populis</span> <span class='ocrx_word' id='word_1_430' title='bbox 696 2557 800 2603; x_wconf 90' lang='lat' dir='ltr'>dedi</span> <span class='ocrx_word' id='word_1_431' title='bbox 818 2556 993 2621; x_wconf 88' lang='lat' dir='ltr'>Ipsum,</span> <span class='ocrx_word' id='word_1_432' title='bbox 1031 2557 1293 2622; x_wconf 74' lang='lat' dir='ltr'>Principem</span> <span class='ocrx_word' id='word_1_433' title='bbox 1318 2561 1366 2608; x_wconf 88' lang='lat'>&amp;</span> <span class='ocrx_word' id='word_1_434' title='bbox 1385 2559 1707 2623; x_wconf 73' lang='lat' dir='ltr'>Legissatorem</span> <span class='ocrx_word' id='word_1_435' title='bbox 1727 2559 1940 2621; x_wconf 86' lang='lat' dir='ltr'>gentibus</span> <span class='ocrx_word' id='word_1_436' title='bbox 1957 2556 1990 2577; x_wconf 76' lang='lat'>&#39;³</span> <span class='ocrx_word' id='word_1_437' title='bbox 2026 2559 2172 2622; x_wconf 83' lang='lat' dir='ltr'>Apud</span> <span class='ocrx_word' id='word_1_438' title='bbox 2199 2558 2321 2605; x_wconf 85' lang='lat' dir='ltr'>Eze-</span> 
     </span>
     <span class='ocr_line' id='line_1_36' title="bbox 359 2618 2324 2688; baseline 0.003 -23"><span class='ocrx_word' id='word_1_439' title='bbox 359 2618 553 2667; x_wconf 89' lang='lat' dir='ltr'>chielem</span> <span class='ocrx_word' id='word_1_440' title='bbox 589 2629 622 2650; x_wconf 89' lang='lat'><strong>“</strong></span> <span class='ocrx_word' id='word_1_441' title='bbox 642 2620 764 2670; x_wconf 88' lang='lat' dir='ltr'>Ecce</span> <span class='ocrx_word' id='word_1_442' title='bbox 789 2621 898 2684; x_wconf 84' lang='lat' dir='ltr'>Ego</span> <span class='ocrx_word' id='word_1_443' title='bbox 920 2621 1131 2685; x_wconf 83' lang='lat' dir='ltr'>frangens</span> <span class='ocrx_word' id='word_1_444' title='bbox 1154 2624 1366 2671; x_wconf 89' lang='lat' dir='ltr'>baculum</span> <span class='ocrx_word' id='word_1_445' title='bbox 1391 2625 1516 2688; x_wconf 86' lang='lat' dir='ltr'>panis</span> <span class='ocrx_word' id='word_1_446' title='bbox 1556 2627 1600 2673; x_wconf 87' lang='lat' dir='ltr'>in</span> <span class='ocrx_word' id='word_1_447' title='bbox 1636 2624 1980 2686; x_wconf 84' lang='lat' dir='ltr'>Hierosolyma,</span> <span class='ocrx_word' id='word_1_448' title='bbox 2019 2635 2073 2670; x_wconf 82' lang='lat' dir='ltr'>ut</span> <span class='ocrx_word' id='word_1_449' title='bbox 2104 2623 2324 2671; x_wconf 79' lang='lat' dir='ltr'>comedant</span> 
     </span>
     <span class='ocr_line' id='line_1_37' title="bbox 355 2685 2321 2754; baseline 0.003 -24"><span class='ocrx_word' id='word_1_450' title='bbox 355 2696 505 2746; x_wconf 86' lang='lat' dir='ltr'>panem</span> <span class='ocrx_word' id='word_1_451' title='bbox 528 2685 573 2732; x_wconf 90' lang='lat' dir='ltr'>in</span> <span class='ocrx_word' id='word_1_452' title='bbox 598 2688 797 2749; x_wconf 88' lang='lat' dir='ltr'>pondere</span> <span class='ocrx_word' id='word_1_453' title='bbox 820 2689 869 2736; x_wconf 87' lang='grc' dir='ltr'>ὅτ</span> <span class='ocrx_word' id='word_1_454' title='bbox 886 2688 1186 2736; x_wconf 88' lang='lat' dir='ltr'>sollicitudine</span> <span class='ocrx_word' id='word_1_455' title='bbox 1206 2710 1221 2744; x_wconf 80' lang='lat'>3</span> <span class='ocrx_word' id='word_1_456' title='bbox 1256 2690 1307 2737; x_wconf 94' lang='grc' dir='ltr'>ὅτ</span> <span class='ocrx_word' id='word_1_457' title='bbox 1327 2706 1458 2754; x_wconf 86' lang='lat' dir='ltr'><em>aquas</em></span> <span class='ocrx_word' id='word_1_458' title='bbox 1482 2691 1525 2738; x_wconf 88' lang='lat' dir='ltr'>in</span> <span class='ocrx_word' id='word_1_459' title='bbox 1553 2692 1758 2739; x_wconf 87' lang='lat' dir='ltr'>mensura</span> <span class='ocrx_word' id='word_1_460' title='bbox 1778 2691 1830 2737; x_wconf 87' lang='grc' dir='ltr'>ὅτ</span> <span class='ocrx_word' id='word_1_461' title='bbox 1855 2690 2037 2753; x_wconf 87' lang='lat' dir='ltr'>stupore</span> <span class='ocrx_word' id='word_1_462' title='bbox 2058 2689 2234 2737; x_wconf 78' lang='lat' dir='ltr'>bibant.-</span> <span class='ocrx_word' id='word_1_463' title='bbox 2268 2690 2321 2736; x_wconf 89' lang='grc' dir='ltr'>ὅτ</span> 
     </span>
     <span class='ocr_line' id='line_1_38' title="bbox 357 2740 2316 2821; baseline 0.003 -24"><span class='ocrx_word' id='word_1_464' title='bbox 357 2763 532 2798; x_wconf 88' lang='lat' dir='ltr'>careant</span> <span class='ocrx_word' id='word_1_465' title='bbox 548 2763 659 2812; x_wconf 84' lang='lat' dir='ltr'>pane</span> <span class='ocrx_word' id='word_1_466' title='bbox 690 2753 744 2802; x_wconf 67' lang='grc' dir='ltr'>δέ’</span> <span class='ocrx_word' id='word_1_467' title='bbox 766 2769 893 2818; x_wconf 84' lang='lat' dir='ltr'>aqua,</span> <span class='ocrx_word' id='word_1_468' title='bbox 932 2756 983 2802; x_wconf 91' lang='grc' dir='ltr'>ὅτ</span> <span class='ocrx_word' id='word_1_469' title='bbox 1005 2755 1313 2804; x_wconf 85' lang='lat' dir='ltr'>contabescant</span> <span class='ocrx_word' id='word_1_470' title='bbox 1335 2769 1524 2820; x_wconf 89' lang='lat' dir='ltr'>propter</span> <span class='ocrx_word' id='word_1_471' title='bbox 1556 2758 1841 2821; x_wconf 87' lang='lat' dir='ltr'>iniquitatem</span> <span class='ocrx_word' id='word_1_472' title='bbox 1875 2740 2084 2802; x_wconf 69' lang='lat' dir='ltr'>eorum&#39;³</span> <span class='ocrx_word' id='word_1_473' title='bbox 2124 2769 2212 2802; x_wconf 73' lang='lat' dir='ltr'>lv:</span> <span class='ocrx_word' id='word_1_474' title='bbox 2243 2754 2316 2802; x_wconf 82' lang='lat'>16.</span> 
     </span>
     <span class='ocr_line' id='line_1_39' title="bbox 362 2817 2319 2885; baseline 0.001 -22"><span class='ocrx_word' id='word_1_475' title='bbox 362 2831 439 2876; x_wconf 88' lang='lat'>17,</span> <span class='ocrx_word' id='word_1_476' title='bbox 474 2817 709 2865; x_wconf 83' lang='lat' dir='ltr'>comedere</span> <span class='ocrx_word' id='word_1_477' title='bbox 733 2835 897 2882; x_wconf 87' lang='lat' dir='ltr'>panem</span> <span class='ocrx_word' id='word_1_478' title='bbox 932 2821 980 2868; x_wconf 89' lang='grc' dir='ltr'>ὅτ</span> <span class='ocrx_word' id='word_1_479' title='bbox 1019 2821 1173 2868; x_wconf 89' lang='lat' dir='ltr'>bibere</span> <span class='ocrx_word' id='word_1_480' title='bbox 1207 2837 1342 2884; x_wconf 86' lang='lat' dir='ltr'>aquas</span> <span class='ocrx_word' id='word_1_481' title='bbox 1376 2837 1460 2885; x_wconf 87' lang='lat' dir='ltr'>pro</span> <span class='ocrx_word' id='word_1_482' title='bbox 1482 2822 1648 2870; x_wconf 50' lang='lat' dir='ltr'>instrui*</span> <span class='ocrx_word' id='word_1_483' title='bbox 1675 2824 1719 2870; x_wconf 92' lang='lat' dir='ltr'>in</span> <span class='ocrx_word' id='word_1_484' title='bbox 1743 2822 1871 2870; x_wconf 87' lang='lat' dir='ltr'>bonis</span> <span class='ocrx_word' id='word_1_485' title='bbox 1888 2822 1939 2869; x_wconf 89' lang='grc' dir='ltr'>ὅτ</span> <span class='ocrx_word' id='word_1_486' title='bbox 1960 2820 2076 2869; x_wconf 85' lang='lat' dir='ltr'>veris</span> <span class='ocrx_word' id='word_1_487' title='bbox 2098 2820 2222 2875; x_wconf 82' lang='lat' dir='ltr'>fidei,</span> <span class='ocrx_word' id='word_1_488' title='bbox 2258 2835 2319 2866; x_wconf 85' lang='lat' dir='ltr'>n:</span> 
     </span>
     <span class='ocr_line' id='line_1_40' title="bbox 357 2883 2319 2952; baseline 0.003 -24"><span class='ocrx_word' id='word_1_489' title='bbox 357 2897 487 2944; x_wconf 84' lang='lat'>93²3</span> <span class='ocrx_word' id='word_1_490' title='bbox 511 2903 526 2936; x_wconf 79' lang='lat'>3</span> <span class='ocrx_word' id='word_1_491' title='bbox 561 2883 766 2931; x_wconf 81' lang='lat' dir='ltr'>similiter</span> <span class='ocrx_word' id='word_1_492' title='bbox 788 2885 911 2950; x_wconf 89' lang='lat' dir='ltr'>apud</span> <span class='ocrx_word' id='word_1_493' title='bbox 934 2886 1086 2934; x_wconf 89' lang='lat' dir='ltr'>Amos</span> <span class='ocrx_word' id='word_1_494' title='bbox 1119 2894 1152 2916; x_wconf 88' lang='lat'><strong>“</strong></span> <span class='ocrx_word' id='word_1_495' title='bbox 1172 2886 1292 2934; x_wconf 88' lang='lat' dir='ltr'>Ecce</span> <span class='ocrx_word' id='word_1_496' title='bbox 1325 2888 1418 2934; x_wconf 90' lang='lat' dir='ltr'>dies</span> <span class='ocrx_word' id='word_1_497' title='bbox 1452 2889 1653 2944; x_wconf 84' lang='lat' dir='ltr'>venturi,</span> <span class='ocrx_word' id='word_1_498' title='bbox 1689 2889 1854 2952; x_wconf 87' lang='lat' dir='ltr'>quibus</span> <span class='ocrx_word' id='word_1_499' title='bbox 1885 2887 2135 2934; x_wconf 89' lang='lat' dir='ltr'>immittam</span> <span class='ocrx_word' id='word_1_500' title='bbox 2152 2887 2319 2947; x_wconf 80' lang='lat' dir='ltr'>famem</span> 
     </span>
     <span class='ocr_line' id='line_1_41' title="bbox 358 2946 2323 3017; baseline 0.003 -25"><span class='ocrx_word' id='word_1_501' title='bbox 358 2946 404 2993; x_wconf 88' lang='lat' dir='ltr'>in</span> <span class='ocrx_word' id='word_1_502' title='bbox 432 2959 614 3005; x_wconf 84' lang='lat' dir='ltr'>terram,</span> <span class='ocrx_word' id='word_1_503' title='bbox 650 2952 918 3012; x_wconf 84' lang='lat' dir='ltr'>non·famem</span> <span class='ocrx_word' id='word_1_504' title='bbox 940 2950 1000 2998; x_wconf 85' lang='lat' dir='ltr'>ad</span> <span class='ocrx_word' id='word_1_505' title='bbox 1016 2965 1183 3013; x_wconf 86' lang='lat' dir='ltr'>panem,</span> <span class='ocrx_word' id='word_1_506' title='bbox 1217 2968 1342 3017; x_wconf 83' lang='lat' dir='ltr'>neque</span> <span class='ocrx_word' id='word_1_507' title='bbox 1354 2954 1471 3013; x_wconf 86' lang='lat' dir='ltr'>fitim</span> <span class='ocrx_word' id='word_1_508' title='bbox 1489 2953 1549 3000; x_wconf 88' lang='lat' dir='ltr'>ad</span> <span class='ocrx_word' id='word_1_509' title='bbox 1574 2971 1722 3017; x_wconf 81' lang='lat' dir='ltr'>aquas,</span> <span class='ocrx_word' id='word_1_510' title='bbox 1747 2954 1826 3015; x_wconf 89' lang='lat' dir='ltr'>sed</span> <span class='ocrx_word' id='word_1_511' title='bbox 1843 2952 1904 3000; x_wconf 84' lang='lat' dir='ltr'>ad</span> <span class='ocrx_word' id='word_1_512' title='bbox 1921 2950 2170 3000; x_wconf 83' lang='lat' dir='ltr'>audiendum</span> <span class='ocrx_word' id='word_1_513' title='bbox 2186 2949 2323 2998; x_wconf 71' lang='lat' dir='ltr'>verba</span> 
     </span>
     <span class='ocr_line' id='line_1_42' title="bbox 353 3012 2323 3083; baseline 0.003 -25"><span class='ocrx_word' id='word_1_514' title='bbox 353 3012 534 3073; x_wconf 80' lang='lat' dir='ltr'>Jehovoe</span> <span class='ocrx_word' id='word_1_515' title='bbox 551 3013 584 3032; x_wconf 85' lang='lat'>&#39;&#39;</span> <span class='ocrx_word' id='word_1_516' title='bbox 622 3030 675 3063; x_wconf 82' lang='lat' dir='ltr'>vi</span> <span class='ocrx_word' id='word_1_517' title='bbox 694 3034 710 3063; x_wconf 91' lang='lat'>1</span> <span class='ocrx_word' id='word_1_518' title='bbox 729 3032 744 3061; x_wconf 85' lang='lat'>1</span> <span class='ocrx_word' id='word_1_519' title='bbox 771 3034 784 3064; x_wconf 71' lang='grc' dir='ltr'><strong><em>ε</em></strong></span> <span class='ocrx_word' id='word_1_520' title='bbox 815 3036 832 3066; x_wconf 86' lang='lat'>1</span> <span class='ocrx_word' id='word_1_521' title='bbox 852 3034 893 3072; x_wconf 86' lang='lat'>1,</span> <span class='ocrx_word' id='word_1_522' title='bbox 926 3016 1053 3080; x_wconf 89' lang='lat' dir='ltr'>quod</span> <span class='ocrx_word' id='word_1_523' title='bbox 1076 3018 1216 3065; x_wconf 87' lang='lat' dir='ltr'>fames</span> <span class='ocrx_word' id='word_1_524' title='bbox 1234 3020 1289 3066; x_wconf 88' lang='lat' dir='ltr'>ad</span> <span class='ocrx_word' id='word_1_525' title='bbox 1314 3035 1478 3082; x_wconf 90' lang='lat' dir='ltr'>panem</span> <span class='ocrx_word' id='word_1_526' title='bbox 1502 3021 1551 3068; x_wconf 91' lang='grc' dir='ltr'>ὅτ</span> <span class='ocrx_word' id='word_1_527' title='bbox 1576 3019 1743 3067; x_wconf 33' lang='grc' dir='ltr'>Ῐὶῑὶειεά</span> <span class='ocrx_word' id='word_1_528' title='bbox 1767 3035 1919 3083; x_wconf 79' lang='lat' dir='ltr'>aquaS,</span> <span class='ocrx_word' id='word_1_529' title='bbox 1954 3019 2040 3065; x_wconf 85' lang='lat' dir='ltr'>fint</span> <span class='ocrx_word' id='word_1_530' title='bbox 2062 3016 2247 3080; x_wconf 87' lang='lat' dir='ltr'>penuria</span> <span class='ocrx_word' id='word_1_531' title='bbox 2270 3017 2323 3064; x_wconf 82' lang='lat'>&amp;-</span> 
     </span>
    </p>
   </div>
   <div class='ocr_carea' id='block_1_3' title="bbox 353 3077 2321 3195">
    <p class='ocr_par' dir='ltr' id='par_1_3' title="bbox 353 3077 2321 3195">
     <span class='ocr_line' id='line_1_43' title="bbox 353 3077 2321 3195; baseline 0.003 -72"><span class='ocrx_word' id='word_1_532' title='bbox 353 3077 554 3127; x_wconf 67' lang='lat' dir='ltr'>defefitus</span> <span class='ocrx_word' id='word_1_533' title='bbox 586 3081 907 3144; x_wconf 85' lang='lat' dir='ltr'>cognitionum</span> <span class='ocrx_word' id='word_1_534' title='bbox 941 3083 1051 3131; x_wconf 88' lang='lat' dir='ltr'>boni</span> <span class='ocrx_word' id='word_1_535' title='bbox 1088 3084 1136 3131; x_wconf 88' lang='grc' dir='ltr'>ὅτ</span> <span class='ocrx_word' id='word_1_536' title='bbox 1174 3084 1286 3141; x_wconf 87' lang='lat' dir='ltr'>veri,</span> <span class='ocrx_word' id='word_1_537' title='bbox 1325 3084 1530 3134; x_wconf 84' lang='lat' dir='ltr'>videatur</span> <span class='ocrx_word' id='word_1_538' title='bbox 1554 3102 1615 3133; x_wconf 88' lang='lat' dir='ltr'>n:</span> <span class='ocrx_word' id='word_1_539' title='bbox 1650 3087 1795 3148; x_wconf 83' lang='lat'><strong>3364.</strong></span> <span class='ocrx_word' id='word_1_540' title='bbox 1830 3086 1976 3147; x_wconf 86' lang='lat'>4958.</span> <span class='ocrx_word' id='word_1_541' title='bbox 2002 3096 2147 3146; x_wconf 88' lang='lat'><strong><em>5277.</em></strong></span> <span class='ocrx_word' id='word_1_542' title='bbox 2153 3096 2321 3195; x_wconf 56' lang='lat'>{²⁷9⁰</span> 
     </span>
    </p>
   </div>
   <div class='ocr_carea' id='block_1_4' title="bbox 356 3146 2322 3261">
    <p class='ocr_par' dir='ltr' id='par_1_4' title="bbox 356 3146 2322 3261">
     <span class='ocr_line' id='line_1_44' title="bbox 356 3146 2322 3261; baseline 0.024 -70"><span class='ocrx_word' id='word_1_543' title='bbox 356 3146 505 3204; x_wconf 78' lang='lat'>5281.</span> <span class='ocrx_word' id='word_1_544' title='bbox 542 3161 689 3210; x_wconf 82' lang='lat'><strong>5300.</strong></span> <span class='ocrx_word' id='word_1_545' title='bbox 714 3149 861 3213; x_wconf 84' lang='lat'><strong>5360.</strong></span> <span class='ocrx_word' id='word_1_546' title='bbox 884 3148 1032 3216; x_wconf 76' lang='lat'><em>5376·</em></span> <span class='ocrx_word' id='word_1_547' title='bbox 1068 3164 1212 3213; x_wconf 88' lang='lat'>5415·</span> <span class='ocrx_word' id='word_1_548' title='bbox 1238 3152 1381 3216; x_wconf 82' lang='lat'><strong>5568·</strong></span> <span class='ocrx_word' id='word_1_549' title='bbox 1407 3152 1550 3216; x_wconf 84' lang='lat'><em>5576-</em></span> <span class='ocrx_word' id='word_1_550' title='bbox 1577 3166 1722 3217; x_wconf 82' lang='lat'><strong><em>5579·</em></strong></span> <span class='ocrx_word' id='word_1_551' title='bbox 1758 3156 1901 3217; x_wconf 82' lang='lat'>5893·</span> <span class='ocrx_word' id='word_1_552' title='bbox 1937 3150 2085 3203; x_wconf 84' lang='lat'>⁶¹¹0·</span> <span class='ocrx_word' id='word_1_553' title='bbox 2123 3146 2322 3261; x_wconf 52' lang='grc' dir='ltr'>(Οῃῗὶξξζ</span> 
     </span>
    </p>
   </div>
  </div>
 </body>
</html>
