2722 3684
679 175 980 242 CAPUT
1014 174 1520 239 {VIGESIMUM
1566 173 2035 259 QJARTUM.
2193 174 2333 257 *467

370 298 486 348 bum
511 298 706 347 inzterisu
724 302 932 356 externo,
966 298 1017 346 &
1049 296 1297 361 quae‘inde
1332 296 1466 349 sunt;
1499 295 1598 342 h'aec
1618 294 1725 357 quia
1748 294 1983 358 separatim
2010 299 2100 345 non
2122 296 2338 361 conjungi

363 366 557 430 ,poffunt
580 364 812 420 Domine,
850 365 1072 427 quoniam
1099 362 1332 410 Dominus
1367 362 1430 410 est
1454 361 1659 408 Verbum
1695 360 1740 407 in
1772 363 1902 409 omni
1933 366 2195 428 complexu,
2231 365 2337 413 ideo

367 430 537 479 dicitur
556 446 646 477 non
668 429 932 493 conjunctio
951 431 1000 477 ὅτ.
1028 428 1264 493 praesentia
1288 427 1496 491 separata.
1671 468 1673 471 .

437 512 466 559 9
474 512 498 557 3
509 498 583 545 803
622 496 685 542 Et
724 496 927 558 populus
957 511 1049 557 non
1082 492 1285 542 ascendet
1308 510 1414 541 curn
1442 492 1536 550 illo,
1570 491 1694 554 quod
1729 489 1950 555 significet
1972 493 2102 556 plane
2124 510 2214 542 non
2232 511 2339 544 con-

362 558 656 626 junffionem
679 577 789 608 cum
812 573 1000 609 externo
1021 559 1188 624 absque
1219 562 1414 614 interno,
1449 556 1619 608 constat
1657 573 1715 606 ex
1741 557 2063 621 significatione
2085 561 2337 618 ascendere,

368 627 495 691 quod
522 627 573 674 fit
594 626 874 690 conjunctio,
910 640 960 673 ut
978 626 1105 687 supra
1128 642 1182 672 n:
1217 640 1365 688 9373,
1400 625 1473 672 hic
1496 640 1585 671 non
1610 623 1884 686 conjunctio,
1919 625 2023 689 quia
2046 625 2211 674 dicitur
2246 643 2338 675 non

371 691 579 741 ascendet
599 709 612 740 ε
646 692 772 755 quod
796 692 850 739 fit
868 708 981 740 cum
1009 691 1143 738 Verbi
1169 691 1291 738 sensu
1308 702 1495 738 externo
1517 691 1683 751 absque
1705 690 1901 747 interno,
1926 690 2006 746 est,
2030 694 2139 756 quia
2162 693 2244 739 filii
2261 693 2340 753 Ja-

371 758 497 814 cobi,
532 758 615 822 qui
656 758 730 804 hic
765 758 867 805 sunt
904 756 1119 821 populuS,
1158 757 1202 804 in
1241 768 1429 804 externo
1452 756 1619 819 absque
1656 754 1836 803 interno
1868 769 2009 812 erant,
2051 759 2256 805 videatur
2280 776 2335 806 n:

371 838 522 887 3479.
557 825 714 880 42810'
743 839 891 886 4293.
929 838 1075 884 4307.
1110 828 1267 886 4429-'2
1295 838 1442 883 4433·
1477 824 1625 879 4680.
1662 823 1810 896 4844.
1847 825 1996 881 4847.
2019 825 2166 885 4865.
2189 825 2335 900 4868.

371 891 523 952 4874.
545 893 692 951 4890.
717 903 863 951 4903.
889 905 1039 950 49¹1·
1066 904 1212 952 49¹3-
1239 890 1383 950 6304.
1411 890 1552 948 8588.
1575 889 1718 950 8788.
1746 888 1891 951 8806,
1916 890 2059 949 8871.
2129 891 2271 947 Quod
2291 906 2339 938 ιιι

371 955 558 1001 e'xterno
581 952 747 1016 absque
771 954 951 1001 interno
972 953 1125 1010 effent,
1162 965 1280 1017 patet
1315 953 1549 1000 manifeste
1586 967 1643 999 ex
1664 952 1789 999 cultu
1812 951 1941 1000 vituli
1964 953 2082 1000 aurei
2109 955 2208 1016 post
2230 971 2340 1018 qua-

371 1018 579 1081 draginta
601 1020 765 1066 abhinc
797 1018 892 1066 dies
912 1040 928 1073 ·,
961 1019 1086 1065 aliter
1110 1018 1308 1065 fecifl'ent
1340 1018 1372 1065 sl
1395 1017 1526 1065 fimul
1551 1018 1596 1064 in
1630 1018 1806 1066 interno
1837 1017 2034 1075 fuiffent,
2068 1019 2154 1066 hoc
2172 1021 2254 1077 est,
2292 1022 2339 1070 in

371 1083 496 1131 bono
517 1083 682 1131 amoris
701 1085 750 1132 ὅτ
768 1084 877 1132 fidei·
901 1085 945 1132 in
971 1084 1217 1146 Jehovam‚
1254 1083 1340 1131 hoc
1363 1087 1486 1130 enim
1520 1083 1582 1131 est
1607 1083 1832 1130 internum
1853 1105 1867 1137 3
1902 1083 1984 1146 qui
2008 1099 2088 1147 per
2121 1086 2207 1133 hoc
2228 1103 2338 1134 con-

363 1146 512 1212 juncti
539 1151 653 1204 sunt,
690 1149 753 1196 illi
777 1165 866 1196 non
889 1150 1111 1199 discedere
1137 1150 1319 1213 possunt
1341 1149 1395 1195 ad
1419 1150 1594 1212 cultum
1620 1149 1747 1203 idoli,
1782 1164 1860 1196 cor
1882 1150 2006 1196 enirn
2029 1152 2185 1213 procul
2209 1153 2265 1199 ab
2287 1152 2340 1203 il-

375 1214 426 1261 lo
448 1213 510 1260 est
530 1230 542 1260 :
577 1215 627 1262 ὅτ
651 1216 757 1278 quia
779 1215 976 1278 populus
994 1215 1069 1263 iiie
1087 1230 1178 1262 non
1195 1215 1323 1262 aliter
1343 1214 1607 1273 conjunctus
1630 1213 1717 1262 fuit
1742 1214 1967 1271 Domino,
2002 1231 2136 1278 quam
2162 1233 2242 1281 per
2262 1234 2341 1267 ex-

370 1291 512 1336 terna,
547 1295 628 1343 per
648 1296 766 1344 quae
781 1280 1144 1343 repraesentarent
1166 1281 1354 1336 interna,
1390 1280 1683 1336 ideodicitur‚
1719 1280 1843 1342 quod
1864 1282 2064 1343 populus
2081 1298 2171 1330 non
2188 1283 2340 1331 ascen-

370 1345 468 1400 det,
505 1361 583 1407 per
605 1362 712 1408 quae
739 1344 1008 1409 significatur
1033 1346 1165 1408 plane
1189 1362 1278 1394 non
1297 1343 1561 1408 conjunctio
1583 1362 1689 1393 cum
1713 1358 1902 1393 externo
1933 1348 2098 1411 absque
2125 1349 2300 1397 interno
2320 1370 2336 1405 3

370 1411 798 1473 repraesentationes,
831 1426 936 1473 quae
959 1411 1122 1476 absque
1145 1413 1424 1475 cognitione,
1461 1412 1552 1458 fide
1585 1413 1634 1458 &
1651 1411 1889 1458 affectione
1913 1411 2196 1470 interiorum,
2231 1431 2340 1478 quae

370 1476 753 1540 repraesentantur,
786 1476 1071 1540 conjungunt
1102 1493 1220 1533 rem,
1256 1493 1347 1524 non
1385 1490 1535 1524 autem
1580 1476 1830 1539 personam.
1899 1477 2114 1525 Similiter
2136 1478 2177 1526 se
2200 1480 2337 1528 habet

371 1556 481 1588 cum
505 1541 607 1596 illis,
643 1541 723 1606 qui
742 1542 787 1589 in
811 1541 904 1590 solo
929 1543 1051 1590 sensu
1073 1542 1225 1590 literali
1250 1543 1387 1589 Verbi
1404 1555 1609 1598 manent,
1644 1543 1694 1590 &
1720 1542 1831 1588 nihil
1856 1541 2104 1590 doctrinale
2129 1544 2233 1591 inde
2249 1547 2340 1594 coi-

370 1606 556 1668 ligunt;
590 1607 686 1654 sunt
703 1609 825 1655 enirn
851 1610 1031 1669 separati
1055 1625 1079 1654 a
1098 1608 1220 1655 sensu
1239 1607 1432 1664 interno,
1468 1623 1572 1655 nam
1597 1607 1741 1655 sensus
1764 1608 1961 1654 internus
1983 1609 2047 1656 est
2063 1609 2211 1671 ipsum
2225 1611 2337 1659 doc-

374 1673 532 1720 trinale
553 1692 570 1727 3
603 1671 862 1734 conjunctio
888 1673 1084 1722 Domini
1107 1678 1211 1721 eum
1235 1673 1430 1721 externis
1448 1673 1588 1720 Verbi
1611 1672 1674 1720 est
1711 1687 1790 1736 per
1823 1673 2032 1721 interiora
2062 1674 2188 1737 ejus3
2225 1693 2340 1741 qua·

372 1752 420 1783 re
445 1736 476 1783 fi
501 1738 710 1786 interiora
734 1739 929 1801 separata
954 1739 1070 1794 sunt,
1106 1755 1197 1786 non
1231 1739 1314 1786 alia
1337 1754 1440 1786 cum
1465 1739 1656 1786 externis
1690 1736 1950 1800 conjunctio
1990 1740 2182 1788 Domini
2205 1744 2337 1791 datur

369 1818 508 1866 quam
535 1803 644 1851 ficut
665 1820 772 1851 cum
796 1804 923 1866 gestu
947 1805 1146 1867 corporis
1170 1805 1337 1869 absque
1359 1804 1493 1851 corde
1525 1804 1835 1853 concordante.
1904 1804 2126 1853 Similiter
2152 1823 2340 1873 quoque

372 1869 417 1916 se
441 1868 576 1916 habet
598 1869 828 1926 cumillis,
861 1870 939 1934 qui
965 1870 1217 1918 doctrinam
1244 1872 1336 1918 suae
1361 1870 1577 1917 Ecclefiae
1598 1871 1749 1934 quoad
1777 1870 1948 1932 singula
1971 1870 2169 1934 perfecte
2194 1874 2339 1924 sciunt

371 1934 424 1982 &
444 1935 585 1997 usque
603 1935 676 1982 illa
693 1952 781 1982 non
801 1937 1026 2000 applicant
1045 1936 1099 1983 ad
1125 1937 1266 1984 vitam
1283 1958 1296 1990 3
1323 1936 1386 1983 illi
1406 1937 1541 1983 etiam
1562 1936 1607 1982 in
1628 1937 1821 1983 externis
1842 1938 1940 1985 sunt
1952 1938 2114 2002 absque
2131 1941 2307 1988 interno
2322 1962 2339 1996 ς

372 2014 479 2046 nam
506 2014 609 2047 vera
630 2000 854 2049 doflrinae
877 2001 978 2049 sunt
999 2015 1124 2052 extra
1145 2006 1265 2065 apud
1290 2001 1406 2056 illos,
1439 2018 1544 2049 cum
1566 2018 1654 2049 non
1681 2002 1888 2064 inscripta
1910 2002 2010 2050 sunt
2026 2020 2182 2052 eorum
2201 2007 2334 2054 vitae:

373 2064 502 2127 quod
525 2081 630 2113 cum
666 2067 828 2115 horum
862 2067 977 2114 veris
1001 2083 1091 2114 non
1117 2067 1167 2116 fit
1189 2066 1452 2131 conjunctio
1477 2067 1689 2124 Domini,
1724 2068 1788 2115 est
1811 2068 1916 2131 quia
1942 2068 2174 2117 Dominus
2206 2072 2338 2120 intrat

373 2146 456 2195 per
484 2131 622 2177 vitam
650 2132 847 2180 hominis
871 2133 914 2179 in
934 2131 1027 2196 ejus
1045 2133 1154 2180 fidei
1181 2149 1300 2187 vera,
1339 2135 1399 2179 ita
1424 2149 1502 2195 per
1525 2134 1728 2181 animam
1749 2149 1856 2197 quae
1881 2135 1987 2181 inest
2009 2137 2137 2184 veris.

383 2233 387 2236 -
441 2200 535 2256 938
552 2215 586 2244 ι.
625 2197 760 2244 Vers:
787 2216 832 2260 3.
853 2217 897 2253 4.
919 2216 964 2258 5.
1000 2200 1071 2245 Et
1086 2201 1204 2246 venit
1239 2199 1454 2260 Moscheh,
1492 2198 1545 2247 &³
1567 2202 1831 2247 renuntiavit
1859 2201 2011 2262 populo
2032 2204 2170 2249 omnia
2202 2204 2338 2251 verba

366 2260 553 2322 ,Jehovae
575 2261 632 2311 δέ
649 2265 785 2310 omnia
796 2262 982 2326 judicia,
1022 2263 1076 2313 fis?
1099 2264 1303 2326 respondit
1312 2265 1490 2325 populus
1511 2279 1612 2312 voce
1634 2278 1736 2319 una,
1774 2265 1829 2314 ἐξ
1850 2265 2061 2322 dixerunt,
2085 2271 2222 2315 omnia
2238 2286 2337 2317 ver-

372 2327 444 2381 ba,
480 2341 571 2390 quae
593 2329 784 2390 loquutus
807 2329 860 2389 ql}
881 2329 1098 2391 Jehovah,
1124 2331 1346 2391 faciemus.
1379 2355 1383 2380 :
1418 2332 1480 2381 Et
1502 2331 1671 2392 scripsit
1694 2330 1896 2387 Moscheb,
1927 2335 2065 2379 onmia
2099 2336 2235 2380 verba
2251 2337 2338 2396 Je-

369 2391 510 2448 hovae,
545 2393 600 2443 δέ’
610 2394 944 2454 surrexit'mane
965 2398 1009 2442 in
1031 2399 1252 2452 matutino,
1288 2395 1344 2444 ἐξ
1367 2394 1597 2454 aedificavit
1613 2396 1752 2443 altare
1763 2397 1845 2456 sub
1867 2407 2025 2453 monte,
2051 2398 2106 2446 ἔθ’
2127 2398 2336 2451 duodecim

360 2456 533 2516 statuas
549 2471 627 2518 pro
642 2458 858 2507 duodecim'
871 2461 1066 2508 tribubus
1086 2461 1265 2524 Israelis.
1334 2463 1396 2508 Et
1416 2461 1522 2517 milit
1542 2475 1689 2521 pueros
1709 2461 1898 2518 filiorum
1921 2464 2100 2520 Israelis,
2140 2465 2195 2513 &
2216 2468 2335 2515 obtu-

364 2523 514 2570 lerunt
529 2523 775 2584 holocausta,
802 2520 858 2574 {⁴3
866 2525 1220 2587 sacrificaverunt
1233 2526 1447 2588 sacrificia
1466 2525 1640 2589 pacifica
1664 2528 1843 2587 Jehovae
1852 2528 2071 2585 juvencos.
2123 2530 2187 2576 Et
2211 2534 2337 2580 venit

367 2586 631 2642 Moicheh,
651 2591 701 2636 δι
736 2593 1020 2638 renuntiavit>
1042 2593 1235 2654 populo,
1282 2593 1501 2652 fignificat
1524 2591 1864 2640 illustrationem
1899 2594 1944 2640 δι
1973 2595 2334 2646 informationem

374 2652 568 2700 Domini
596 2659 673 2712 per
699 2656 928 2711 D.vinum
954 2658 1127 2704 Verum
1151 2658 1276 2720 quod
1302 2660 1357 2704 ab
1387 2658 1520 2720 Ipso:
1555 2658 1711 2709 omnia
1744 2661 1876 2706 verba
1898 2659 2157 2718 Jehovae&
2179 2666 2335 2711 omnia

372 2716 558 2781 judicia,
577 2718 925 2783 significatquae
949 2722 994 2769 in
1019 2723 1307 2778 Verbovvitae
1324 2724 1490 2776 suntin
1518 2723 1627 2773 statu
1650 2723 1863 2786 spirituaii
1882 2726 1932 2772 δε
1950 2727 2134 2774 naturali
2155 2745 2166 2774 ε
2202 2730 2251 2775 &
2268 2746 2336 2776 re-

362 2785 552 2847 jpondit
574 2786 733 2849 omnis*
749 2774 942 2850 popuius
959 2789 1070 2843 vo'ce
1086 2801 1198 2845 una,
1235 2789 1780 2853 fignificattrecept-ionem
1805 2790 2036 2839 intellectu
2060 2795 2117 2839 ab
2146 2794 2229 2854 illis
2253 2796 2335 2858 qui

373 2865 478 2902 veie
501 2851 558 2896 ab
578 2849 771 2908 Ecclesia
788 2853 1138 2909 :22&.,d-ixe13un,t,
1172 2857 1326 2908 omnia
1349 2856 1504 2909 verba,
1541 2870 1649 2918 quae
1682 2854 1901 2918 loquutus
1926 2857 1988 2905 est
2007 2859 2234 2920 Jehovab,
2270 2861 2335 2908 fa·-

364 2916 559 2979 jciemus,
597 2916 814 2982 fignificat
837 2911 1268 2982 tunicseceptioriem
1290 2921 1456 2968 corde:
1491 2921 1541 2968 &
1576 2919 1743 2982 scripsit
1768 2921 1990 2975 Moscheh
2013 2925 2169 2970 omnia
2202 2929 2336 2975 verba

372 2982 586 3044 jehovae,
625 2982 839 3045 fignificat
879 2985 1211 3043 impressionem
1251 2999 1358 3034 tunc
1389 2988 1527 3033 vitae:
1570 2985 1619 3032 δε
1643 2986 1832 3042 surrexit
1863 3004 1991 3036 mane
2015 2990 2337 3049 inmatutino,

372 3046 591 3108 fignificat
617 3048 839 3108 gaudium
865 3051 1220 3107 eunonium:
1256 3053 1306 3100 &
1342 3050 1589 3105 aedificavit
1620 3052 1755 3099 altare
1787 3051 1869 3100 sub
1904 3069 2079 3109 monte,
2115 3055 2337 3118 significat

365 3112 1205 3177 ,repraesentativum4Div,injlfiumani
1223 3117 1429 3174 ‘Domini
1459 3117 1614 3187 quoad
1652 3117 1879 3174 Divinum
1916 3120 2102 3187 Bonum
2128 3126 2186 3172 ab
2201 3123 2337 3188 Ipso:
