2722 3684
335 186 463 276 196
670 167 690 181 “
827 127 894 255 Ε
1023 181 1110 254 X
1201 170 1292 254 ὀ
1406 136 1506 273 Ἰεἰ)
1647 155 1718 257 U
1844 183 1930 258 s

277 308 279 310 ’
331 317 383 357 ut
408 310 581 361 Exod':
603 327 770 363 xxiii:
802 331 819 364 1
847 312 988 378 seqq:
1025 313 1199 362 Levit:
1223 320 1341 362 xix:
1374 310 1445 381 [ι.
1477 330 1553 364 12.
1577 313 1850 380 seqz‘Deut
1874 317 1884 364 ἐ
1909 331 2027 364 xix:
2059 314 2193 364 16ad
2234 314 2336 373 20,

264 381 268 384 ’
335 377 477 441 Qiod
504 380 795 429 mendacium
820 381 866 428 in
889 380 1021 428 sensu‘
1037 380 1254 442 spirituali
1295 379 1347 428 sit
1372 381 1549 429 malum
1573 397 1623 428 ac
1646 381 1810 430 salsum
1837 398 1942 446 quae
1982 382 2108 439 fidei,
2142 380 2323 429 constat

336 457 360 490 a
385 445 668 510 sequentibus
695 447 834 502 locis3
871 447 991 510 apud
1030 447 1287 506 Johannem
1341 453 1374 476 “
1396 447 1494 493 Vos
1517 462 1575 494 ex
1595 460 1725 509 patre
1748 448 2077 505 diabolossestis
2112 449 2162 496 δε
2203 446 2332 495 desi-—

333 508 455 558 deria
480 512 616 576 patris
642 513 772 560 vestri
799 514 932 561 vultis
954 512 1097 559 facere
1118 534 1132 567 3
1170 512 1242 558 ille
1268 512 1498 559 homicida
1526 511 1611 560 fuit
1630 513 1689 560 ab
1706 512 1854 570 initio,
1889 516 1939 563 δε
1963 518 2007 562 in
2028 516 2216 563 veritate
2241 529 2324 560 non

323 575 464 636 stetit,
500 580 607 642 quia
629 596 706 627 nan
728 581 892 627 veritas
916 581 959 624 in
977 578 1046 624 illo
1069 600 1084 632 ·,
1119 576 1281 641 quando
1299 578 1486 640 loquitur
1508 578 1782 637 mendacium,
1818 596 1875 629 ex
1899 581 2093 645 propriis
2118 580 2324 645 loquitur

336 645 436 707 quia
460 645 718 693 mendacium
743 645 905 707 loquens
930 644 982 704 est
1004 664 1019 699 ;
1040 645 1105 692 .&
1140 656 1265 707 pater
1288 642 1380 706 ejus
1398 647 1429 668 ’³
1462 661 1561 692 v111
1586 663 1596 693 ε
1623 662 1688 707 44
1710 667 1741 700 3.
1778 648 2067 695 mendacium
2111 646 2184 695 hic
2228 661 2327 709 pro·

336 710 447 757 falso
470 712 612 764 fidei;
649 712 798 770 agitur
821 712 942 758 enim
967 709 1025 756 de
1045 710 1220 770 Judaeis
1254 711 1382 774 quod
1431 727 1522 758 non
1570 712 1812 775 agnoscere
1859 712 2092 760 voluerint
2142 712 2316 761 Domi-

339 792 453 823 num
477 797 492 839 ‚³
544 777 750 824 diabolus
787 776 861 824 hic
904 778 948 824 in
991 775 1113 824 sensu
1151 775 1369 839 spirituali
1392 776 1455 824 est
1478 775 1658 833 falsum,
1694 779 1745 826 ὅτ
1770 789 1897 842 pater
1918 778 2013 841 ejus
2036 777 2098 825 est
2122 778 2313 837 malurn,

337 857 443 889 nam
469 841 629 890 falsum
655 843 717 890 est
740 857 797 890 ex
816 842 939 892 malo
963 842 1073 892 sicut
1093 843 1209 891 filius
1234 858 1259 890 a
1283 855 1407 907 patre
1429 863 1445 898 3
1471 842 1630 891 falsum
1656 846 1778 908 quod
1797 844 1861 893 est
1878 843 2048 892 diaboli
2072 842 2136 890 est
2161 839 2333 891 falsum-

338 909 464 965 fidei,
501 909 552 957 &
595 910 768 956 malum
809 909 872 956 est
915 909 1085 958 malum
1125 909 1293 958 amoris
1335 910 1397 957 sui
1437 910 1487 957 ὅτ
1526 912 1691 959 amoris
1711 910 1890 958 mundi.
1962 910 2110 973 Apud
2139 908 2323 958 Esaiam

335 982 368 1004 “
392 974 598 1023 Moabus
622 976 759 1023 elatus
785 975 848 1023 est
874 976 1025 1033 valde,
1061 976 1267 1039 superbia
1286 976 1397 1039 ejuS,
1432 977 1482 1024 ὅτ
1505 976 1640 1024 elatio
1658 975 1771 1039 ejuS,
1809 978 1858 1025 ὅτ
1884 977 1947 1024 ira
1966 975 2076 1038 ejus,
2104 974 2325 1024 mendacia

337 1041 426 1102 ejus
461 1057 541 1089 non
573 1042 679 1104 fient
707 1040 843 1101 firma
862 1040 894 1060 ''
947 1058 1060 1089 xvrt
1109 1057 1209 1103 15.;
1262 1042 1495 1089 mendacia
1534 1059 1620 1106 pro
1658 1042 1774 1091 falsis
1815 1043 1941 1100 fidei,
1978 1042 2084 1105 quia
2110 1042 2328 1090 Moabus

337 1107 440 1155 sunt
475 1109 554 1171 qui
579 1113 624 1155 in
652 1109 772 1156 malo
795 1107 960 1160 amoris
979 1108 1060 1166 sui,
1096 1124 1146 1155 ac
1170 1109 1276 1157 ideo
1300 1107 1533 1156 falsificant
1552 1124 1674 1166 vera,
1699 1124 1727 1156 n
1749 1125 1759 1156 :
1789 1110 1932 1169 2468.
1955 1112 2100 1172 8315,
2171 1109 2323 1171 Apud

337 1173 559 1222 Eundem
598 1181 634 1204 ‘⁶
654 1175 922 1222 Excidimus
945 1173 1091 1222 faedus
1114 1190 1220 1222 cum
1247 1186 1412 1230 morte,
1447 1176 1497 1223 &
1521 1190 1626 1222 cum
1650 1173 1835 1225 inferno,
1851 1171 2043 1223 fecimus
2063 1174 2282 1222 visionem
2304 1195 2321 1229 ;

328 1242 543 1303 postcimus
566 1240 824 1290 mendacium
843 1240 1063 1298 fiduciam,
1101 1242 1218 1288 &in
1243 1240 1445 1303 falsitate
1478 1241 1691 1288 latuimus
1710 1239 1742 1260 ”
1793 1256 1991 1288 xxvin:
2023 1256 2099 1302 15.
2169 1241 2323 1304 Apud

337 1306 555 1360 Eundem
597 1316 629 1337 “
656 1309 862 1370 Populus
887 1307 1141 1354 rebellionis
1166 1306 1257 1363 ille,
1284 1306 1372 1364 filii
1404 1305 1637 1363 mendaces,
1674 1306 1757 1354 filii
1780 1322 1872 1354 non
1899 1306 2143 1355 voluerunt
2165 1307 2325 1355 audire

335 1372 485 1436 legem
513 1373 758 1434 Jehovae’'
811 1388 937 1420 xxx:
974 1390 1020 1436 9.
1092 1373 1238 1436 Apud
1265 1372 1515 1432 Jeremiam
1569 1372 1707 1420 “Vir
1743 1372 1875 1421 socio.
1899 1371 1978 1419 suo
2012 1372 2226 1429 illudunt,
2271 1373 2323 1421 δε

335 1441 565 1487 veritatem
599 1456 680 1488 non
713 1442 958 1503 loquuntur,
994 1438 1224 1487 docuerunt
1258 1439 1451 1501 linguam
1476 1439 1604 1501 suam
1639 1439 1758 1502 loqui
1784 1437 2045 1487 mendacium
2065 1436 2099 1457 ’²
2152 1453 2232 1486 ix:
2273 1456 2322 1498 4.

334 1507 485 1570 Apud
514 1507 731 1554 Eundem
767 1514 800 1536 “
823 1506 945 1554 Ecce
973 1520 1070 1567 ‚ego
1103 1517 1259 1566 contra
1288 1506 1591 1567 prophetantes
1611 1506 1778 1567 somnia
1813 1504 2036 1561 mendacii,
2072 1505 2123 1552 &
2146 1517 2326 1552 narrant

334 1588 403 1629 ea,
441 1586 493 1620 ut
518 1572 725 1621 seducant
749 1572 972 1636 populum
994 1587 1152 1621 meum
1173 1584 1254 1634 per
1274 1571 1487 1619 mendacia
1496 1574 1582 1635 sua
1602 1571 1635 1591 ''
1671 1587 1834 1620 xxur:
1862 1587 1941 1634 32.
1976 1595 1978 1597 ·
2011 1571 2160 1634 Apud
2188 1570 2320 1619 Eun-

334 1639 443 1686 dem
496 1647 530 1669 “
556 1639 719 1686 Gladie
742 1648 887 1688 contra
909 1637 1143 1694 mendaces,
1177 1651 1232 1686 ut
1255 1637 1557 1687 stultescant”
1610 1654 1662 1686 L:
1693 1638 1774 1701 36.
1840 1636 1989 1701 Apud
2016 1637 2320 1686 Ezechielem

334 1705 611 1754 “Viderunt
650 1706 898 1753 vanitatem
942 1707 992 1753 &
1031 1704 1333 1753 divinationem
1373 1703 1595 1761 mendacii,
1630 1703 1848 1761 dicentes,
1896 1703 2076 1751 dietum
2100 1702 2320 1764 Jehovae‚

334 1787 442 1820 cum
464 1772 675 1832 Jehovah
702 1789 792 1819 non
820 1771 986 1820 miserit
1012 1787 1087 1819 eos
1111 1794 1124 1826 3
1161 1787 1300 1835 quare
1331 1771 1389 1819 fic
1414 1771 1534 1818 dixit
1568 1770 1797 1818 Dominus
1821 1770 2042 1830 Jehovih‚
2078 1784 2320 1835 propterea

334 1838 459 1902 quod
485 1839 731 1903 loquimini
769 1840 1034 1894 vanitatem,
1071 1839 1120 1886 δε
1144 1837 1297 1885 videtis
1321 1836 1594 1893 mendacium,
1632 1837 1737 1884 ideo
1759 1851 1861 1884 ecce
1879 1836 1989 1900 Ego
2010 1849 2167 1884 contra
2189 1838 2324 1883 vos-’³

334 1919 435 1952 xiii
458 1920 468 1951 ε
496 1906 539 1952 6.
563 1919 601 1966 7.
638 1908 678 1952 8.
708 1922 754 1969 9.
825 1904 970 1970 Apud
991 1905 1188 1952 Nahum
1224 1911 1259 1933 “
1278 1904 1369 1951 Vae
1387 1904 1485 1951 urbi
1511 1903 1800 1966 sanguinum,
1835 1911 1922 1952 tota
1945 1901 2153 1951 mendacio
2177 1903 2226 1951 &
2247 1918 2317 1951 ra-

333 1970 441 2034 pina
458 1970 587 2033 plena
611 1971 674 2018 est
698 1971 728 1994 '³
764 1989 779 2019 i
795 1987 838 2018 11
861 1988 874 2020 z
908 1989 948 2020 1.
1019 1971 1166 2036 Apud
1191 1970 1477 2033 Zephaniam
1513 1977 1546 2000 ‘⁶
1567 1968 1799 2034 Reliquiae
1822 1968 1994 2017 Israelis-
2012 1985 2105 2017 non
2140 1968 2315 2017 faciunt

335 2038 687 2101 perversitatem,
725 2054 849 2102 neque
870 2039 1089 2102 loquentur
1110 2036 1382 2094 mendacium,
1420 2052 1569 2101 neque
1595 2035 1850 2084 invenietur
1874 2034 1918 2082 in
1944 2051 2021 2082 ore
2044 2051 2202 2083 eorum
2230 2035 2319 2082 lin-

334 2118 426 2164 gua
446 2103 643 2159 fraudis;
683 2105 727 2151 hi
754 2103 1005 2167 pascent&
1029 2102 1348 2166 requiescent’'
1385 2119 1482 2150 111:
1515 2119 1588 2166 13.
1659 2102 1805 2167 Apud
1827 2102 2084 2162 Johannem
2132 2110 2165 2131 “
2188 2101 2322 2150 Foris

334 2171 437 2217 sunt
461 2186 604 2225 canes,
626 2172 940 2227 incantatores,
966 2171 1015 2218 δε
1036 2170 1312 2226 scortatores,
1337 2170 1385 2217 &
1411 2169 1695 2226 homicidiae,
1732 2170 1781 2216 ὅτ
1804 2168 2090 2225 idololatriae,
2111 2167 2161 2215 &
2185 2171 2318 2222 omnis

334 2239 408 2300 qui
425 2247 546 2287 amat
571 2236 625 2285 Β
647 2237 751 2307 facit
775 2235 1032 2284 mendacium
1053 2236 1083 2259 '’
1120 2238 1292 2299 Apoc:
1329 2251 1435 2282 xxii
1460 2251 1469 2281 ε
1503 2251 1558 2296 15
1582 2255 1597 2289 ;
1650 2237 1696 2282 in
1733 2234 1801 2283 his
1837 2247 1887 2282 ut
1911 2236 1956 2283 in
1982 2235 2080 2282 aliis
2107 2233 2319 2298 pluribus

335 2305 444 2352 locis
472 2305 759 2351 mendacium
785 2318 871 2368 pro
894 2302 1002 2350 falso
1027 2304 1076 2350 ὅτ
1101 2304 1225 2350 malo
1248 2302 1372 2350 fidei.

404 2374 551 2432 8909.
588 2370 726 2417 Vers:
770 2389 844 2429 14.
902 2369 1003 2417 Non
1026 2367 1277 2432 concupisces
1306 2368 1470 2416 domum
1502 2368 1687 2430 proximi
1709 2368 1792 2423 tui,
1839 2382 1919 2414 non
1941 2368 2192 2428 concupisces
2214 2382 2316 2416 uxa-

334 2453 423 2483 rem
455 2438 754 2498 proximitui,
793 2435 863 2490 ,59⁷
886 2438 1071 2500 servum
1111 2436 1221 2498 effus,
1257 2434 1314 2483 Es?
1337 2435 1535 2484 ancillam
1562 2435 1665 2497 ejus,
1702 2433 1757 2482 ἔθ’
1779 2434 1922 2481 bovem
1959 2434 2049 2495 ejus
2076 2433 2130 2482 &³
2152 2433 2317 2494 asinum

335 2504 442 2564 ejus,
479 2502 534 2551 (ε’
557 2519 671 2551 omne
709 2501 816 2566 quod
847 2504 1037 2564 proximo
1070 2511 1158 2557 tua,
1211 2501 1439 2562 significat,
1473 2503 1596 2563 quod
1634 2499 1886 2548 cavendum
1915 2501 1971 2547 ab
1996 2514 2152 2546 amore
2176 2500 2239 2547 sui
2263 2502 2314 2548 δε

337 2570 517 2625 mundi,
555 2585 603 2616 ac
630 2569 689 2616 ita
716 2585 769 2616 ne
795 2570 929 2624 mala,
983 2585 1090 2632 quae
1120 2570 1415 2616 continentur
1438 2568 1484 2615 in
1509 2566 1869 2632 praecedentibus
1895 2567 2160 2631 praeceptiS,
2200 2566 2315 2615 fiant
2370 2611 2382 2616 -

337 2634 599 2690 voluntatiS,
636 2636 685 2682 ὅτ
712 2636 767 2682 sic
791 2648 967 2683 exeant.
1101 2638 1104 2641 ’
2102 2673 2114 2680 c
2278 2669 2281 2672 -

404 2706 548 2763 8910.
604 2702 716 2749 Non
758 2701 1041 2763 concupisces
1081 2700 1275 2748 domurn
1302 2699 1502 2764 proximi
1523 2702 1609 2754 tui,
1657 2713 1748 2745 non
1768 2733 1771 2735 -
1789 2696 2078 2762 concupisces
2120 2713 2315 2747 uxorem

335 2766 533 2832 proximi
562 2767 644 2823 tui,
681 2769 730 2815 δε
765 2767 942 2815 servum
966 2765 1058 2829 ejus
1082 2768 1131 2814 δε
1154 2767 1362 2814 ancillam
1397 2766 1506 2829 ejus,
1543 2766 1785 2813 &bovem
1817 2764 1908 2830 ejus
1933 2767 1982 2813 ὅτ
2005 2766 2175 2819 asinum
2200 2764 2308 2828 ejus,

337 2837 550 2888 &omne
575 2833 699 2898 quod
728 2834 943 2896 proximo
968 2847 1067 2889 tuo,
1117 2834 1244 2897 quod
1283 2834 1506 2896 significet
1541 2831 1668 2895 quod
1706 2833 1963 2879 cavendum
1988 2832 2045 2878 ab
2065 2845 2220 2876 amore
2246 2830 2311 2878 sui

335 2902 386 2948 ὅτ
411 2899 588 2955 mundi,
624 2914 674 2945 ac
698 2900 758 2946 ita
784 2916 838 2946 ne
865 2900 994 2958 mala,
1020 2914 1126 2963 quae
1148 2899 1440 2947 continentur
1468 2899 1510 2946 in
1538 2897 1900 2961 praecedentibus
1924 2897 2176 2959 praeceptis,
2204 2897 2315 2944 fiant

334 2966 597 3022 voluntatis,
644 2966 693 3013 ὅτ
718 2966 773 3013 fic
797 2979 972 3023 exeant,
1022 2966 1195 3015 constat
1231 2981 1287 3013 ex
1327 2964 1658 3026 significatione
1700 2962 2038 3026 concupiscere,
2088 2963 2217 3024 quod
2259 2964 2315 3010 sit
2368 2973 2371 2977 '

335 3033 453 3080 velle
474 3049 530 3080 ex
549 3047 701 3087 amore
722 3032 876 3086 malo,
911 3029 1038 3095 quod
1062 3031 1375 3095 concupiscere
1401 3031 1447 3078 id
1476 3030 1545 3086 sit,
1570 3029 1631 3076 est
1648 3032 1757 3093 quia
1778 3029 1929 3077 omnis
1951 3027 2315 3090 concupiscentia

333 3098 398 3146 est
423 3099 586 3145 amoris
609 3097 859 3161 cujusdam,
895 3114 1002 3145 nam
1039 3098 1152 3145 nihil
1191 3097 1531 3160 concupiscitur
1558 3095 1636 3141 nisi
1661 3109 1857 3151 ametur,
1895 3093 2052 3155 estque
2078 3095 2183 3140 ideo
2207 3111 2316 3142 con·

326 3164 603 3230 cupiscentia
635 3164 906 3215 continuum
930 3164 1115 3222 amoris,
1165 3163 1245 3213 hic
1261 3164 1437 3214 amoris
1461 3161 1527 3212 sui
1550 3174 1626 3210 aut
1651 3162 1833 3220 mundi,
1868 3162 1917 3215 &
1941 3158 2004 3209 est
2027 3160 2151 3225 quasi
2174 3161 2316 3237 respi-

1357 3238 1362 3242 ·
1839 3234 1846 3235 ’
2123 3230 2316 3278 rationis
