2722 3684
680 262 1025 332 CAPUT,
1061 258 1533 358 DEGI‘MUM
1576 259 2108 339 SEPTIMUM.
2305 269 2388 334 81

378 396 537 463 poffet',
569 395 791 461 quoniam
825 394 1082 444 a'ffeRiones
1102 393 1200 441 veri
1221 393 1272 442 &c
1295 392 1405 441 boni
1440 402 1750 457 perverterent
1771 390 1822 439 &
1843 391 2042 456 prorsus
2054 393 2387 470 depravarent}

376 463 482 512 inde
499 461 582 519 est,
599 462 744 527 quod
765 460 999 511 infernales
1022 461 1088 509 illi
1111 461 1235 524 genii
1258 471 1591 516 removeantur,
1627 459 1687 506 ita
1709 471 1761 506 ut
1783 475 1875 506 non
1900 462 2246 511 communicent
2269 481 2382 513 cum

372 528 461 577 illis
483 529 565 593 qui
586 545 612 576 e
636 531 803 593 Regno
837 528 1052 592 spirituali
1072 529 1280 576 Domini.
1351 527 1574 574 Praeterea
1610 525 1859 583 sciendum,
1901 526 2027 589 quod
2067 530 2189 591 apud
2228 530 2376 578 homi-

372 610 481 644 nem
505 595 723 644 Ecclefiae
761 594 998 659 spiritualis
1034 605 1153 642 nova
1187 594 1396 641 voluntas
1434 593 1698 656 implantata
1735 593 1789 639 sit
1820 595 1867 639 in
1906 605 2033 657 parte
2072 595 2379 654 intelleRuali,

371 679 434 711 n·
464 666 573 727 895.
635 678 711 727 27
744 679 1054 739 ¹0²3·J‚043·
1086 678 1226 738 1044.
1256 663 1398 736 2256.
1425 664 1570 723 4328.
1595 677 1742 723 4493.
1772 677 1917 736 5¹.¹3’
1953 659 2069 708 hanc
2092 662 2376 710 voluntatem

367 726 504 794 plane
522 729 580 779 de
620 741 799 777 ruerent
819 730 942 792 genii
965 728 1046 785 illi,
1082 727 1149 775 fi
1139 729 1191 774 iis
1211 728 1548 792 permitteretur
1570 727 1783 781 influere,
1818 727 2034 775 intrarent
2054 729 2190 775 etiam
2215 730 2262 776 in
2281 730 2378 777 hae·

370 794 587 843 reditaria
610 795 726 843 mala
748 796 993 844 voluntatis
1014 795 1195 851 veteris,
1231 796 1281 843 &
1304 793 1377 842 illa
1397 792 1693 850 recluderent,
1729 809 1837 856 quae
1865 805 2016 840 tamen
2048 794 2224 843 occlusa
2272 809 2376 854 unt,

369 862 499 926 quod
521 861 700 911 occlusa
728 854 814 910 fint
835 862 1045 910 videatur
1079 860 1615 926 n·986.166‘7.'2308.
1672 828 1924 907 ἸηῑειτιειΙεε
1964 860 2056 908 illi
2051 863 2183 923 genii
2224 878 2247 910 r
2272 878 2374 911 mo·

370 940 536 976 ventur
556 929 644 977 hoc
668 928 812 976 modo
834 945 892 976 ne
924 928 1144 983 influant,
1179 926 1307 990 quod
1346 924 1506 973 falsum
1548 942 1727 980 eorum,
1761 927 1889 990 quod
1911 925 1973 973 est
1997 925 2157 975 falsum
2181 945 2239 976 ex
2259 932 2375 977 inte-

370 995 478 1042 riori
512 995 648 1052 malo,
676 995 739 1042 fit
763 995 955 1052 malum,
993 996 1042 1043 Sc
1063 963 1254 1058 quidem
1283 992 1370 1040 tale
1398 993 1590 1050 malum,
1626 993 1755 1056 quod
1790 1009 1883 1040 non
1922 993 2106 1041 influere
2141 996 2289 1058 potest
2325 998 2375 1044 in

367 1074 545 1125 partem
569 1060 932 1118 intellectualem,
968 1060 1077 1108 sed
1066 1077 1112 1108 m
1136 1072 1310 1124 partem
1332 1059 1669 1115 voluntariam,
1706 1060 1757 1106 δε
1778 1060 1885 1123 quia
1919 1076 2037 1108 nova
2059 1061 2268 1109 voluntas
2290 1063 2376 1111 ho-

368 1128 507 1179 minis
525 1126 740 1176 Ecclefiae
763 1127 999 1193 spiritualis
1023 1127 1286 1191 implantata
1309 1125 1406 1174 est
1395 1144 1442 1173 m
1465 1139 1589 1190 parte
1612 1126 1914 1182 intellectuali,
1950 1139 2002 1174 ut
2025 1126 2155 1191 supra
2178 1129 2375 1187 diRum,

368 1193 475 1243 inde
497 1195 663 1243 remoti
685 1193 786 1243 sunt
808 1195 864 1243 ab
886 1195 1097 1242 influxu
1087 1211 1133 1241 in
1157 1194 1310 1242 illam·
1350 1193 1411 1241 ob
1434 1192 1555 1251 hunc
1577 1194 1745 1241 finem
1740 1193 1877 1240 etiam
1902 1194 2133 1242 Dominus
2157 1165 2375 1274 disponit}

368 1272 423 1308 ut
445 1261 553 1309 tales
586 1261 708 1325 genii
731 1260 961 1309 vastentur
982 1261 1137 1325 quoad
1160 1276 1297 1308 omne
1321 1249 1633 1311 intelleRuale.
1703 1260 1936 1308 Homines
1960 1260 2078 1308 fiunt
2111 1261 2219 1309 tales
2251 1265 2376 1326 genii

367 1326 471 1391 post
495 1341 712 1385 mortem,
747 1329 828 1392 qui
860 1328 1074 1376 continue
1097 1327 1302 1375 meditati
1325 1325 1428 1373 sunt
1451 1327 1625 1374 malum
1658 1339 1815 1374 contra
1849 1329 2136 1390 proximum,
2169 1322 2222 1376 Bc
2243 1332 2373 1392 cogi·

369 1397 589 1443 tationem
622 1394 747 1443 suam
780 1395 942 1443 talibus
978 1393 1343 1448 deleRaverunt;
1377 1393 1428 1440 &
1450 1409 1635 1456 quoque
1654 1393 1906 1440 intulerunt
1927 1394 2118 1451 malum,
2154 1394 2228 1442 sed
2252 1395 2373 1443 clan-

366 1460 540 1509 destine
577 1478 630 1509 ac
666 1477 747 1526 per
781 1462 908 1518 alios,
945 1461 1143 1508 maxime
1164 1459 1369 1506 cavendo
1391 1475 1445 1506 ne
1469 1458 1628 1522 aliquis
1651 1458 1778 1506 sciret
1800 1459 1927 1537 quod
1952 1460 2008 1508 ab
2032 1461 2151 1517 illis;
2187 1475 2374 1510 caetero-

367 1529 483 1592 quin
506 1529 552 1576 in
574 1528 767 1576 externis
790 1538 1094 1593 apparuerunt
1125 1525 1335 1582 modesti,
1356 1525 1542 1582 civileS,
1578 1527 1627 1574 ὅτ
1651 1526 1764 1572 ficut
1792 1527 1944 1583 amici,
1979 1528 2029 1575 &
2053 1543 2237 1592 quoque
2261 1529 2374 1577 ficut

367 1593 608 1642 Christiani
634 1594 785 1658 quoad
809 1594 1055 1659 loquelam,
1091 1606 1192 1640 tum
1217 1594 1353 1641 etiam
1388 1561 1542 1656 quoad
1567 1595 1733 1650 vitam,
1766 1591 1838 1642 sed
1879 1592 2062 1642 fuerunt
2099 1594 2372 1659 hypocritae,

366 1675 420 1710 ac
437 1661 562 1709 intus
583 1660 727 1710 dolofi
746 1663 900 1726 tigres,

440 1727 582 1806 8623.
616 1728 682 1777 Et
703 1729 950 1777 aedificavit
973 1726 1198 1777 Moscheh
1231 1727 1382 1784 altare,
1416 1726 1546 1791 quod
1582 1725 1805 1791 fignificet
1836 1728 1884 1775 in
1912 1726 2115 1777 sanRum
2145 1727 2293 1778 cultus
2323 1731 2374 1779 δε

369 1797 624 1852 memoriae,
660 1795 831 1844 constat
861 1812 918 1843 ex
951 1795 1276 1860 significatione
1310 1794 1475 1851 altaris,
1509 1794 1638 1858 quod
1663 1793 1716 1841 fit
1738 1795 2028 1858 praecipuum
2052 1797 2372 1859 repraesentati-

368 1876 485 1909 vum
502 1862 712 1919 Domini,
739 1863 798 1911 de
822 1879 913 1926 qua
937 1879 988 1910 n:
1018 1878 1162 1927 27.77
1186 1867 1274 1908 281
1291 1879 1330 1908 1.
1349 1866 1508 1926 4489,
1540 1862 1593 1908 δὲ
1618 1860 1722 1908 inde
1744 1860 1944 1908 sanRum
1968 1862 2116 1910 cultus
2141 1880 2191 1911 n:
2207 1881 2373 1925 4541·,

364 1928 496 1992 quod
518 1929 652 1977 etiam
678 1929 766 1977 sit
755 1946 799 1976 1n
828 1930 1115 1986 memoriam,
1151 1928 1214 1975 est
1237 1930 1347 1991 quia
1368 1929 1562 1990 antiquis
1593 1927 1878 1991 temporibus
1911 1929 2192 1977 struebantur
2225 1933 2374 1978 acervi

366 1995 415 2044 in
442 1995 596 2043 testem
623 1997 673 2043 &
698 1998 966 2044 memoriam
990 1997 1069 2051 rei,
1105 2011 1213 2059 quae
1237 1996 1368 2041 firma
1392 1993 1539 2051 staret,
1573 1993 1624 2041 δε
1649 1995 1777 2057 cujus
1806 1995 2116 2051 recordaturi,
2130 2013 2199 2050 ac
2222 1997 2376 2061 postea

367 2062 504 2109 etiam
545 2061 714 2118 altaria,
764 2079 822 2110 n.
847 2079 971 2128 4192
1054 2063 1128 2109 hic
1167 2063 1212 2108 in
1251 2062 1522 2108 memoriam
1558 2062 1638 2117 rei,
1673 2060 1819 2136 quod,
1853 2063 1960 2124 quia
1997 2078 2155 2109 manus
2180 2065 2373 2124 Jehovae

365 2140 523 2176 contra
546 2129 762 2176 thronum
787 2129 893 2190 Jah,
930 2084 1100 2176 bellum
1121 2110 1351 2190 Jehovae
1342 2145 1387 2174 in
1410 2127 1455 2174 il'
1463 2143 1543 2174 um
1569 2144 1595 2174 a
1619 2128 1904 2190 generatione
1925 2130 1970 2174 in
1996 2132 2370 2191 generationem-²

364 2195 491 2256 quod
517 2195 667 2244 altaria
688 2197 822 2243 etiam
849 2195 1151 2250 struerentur
1142 2212 1188 2242 in
1211 2194 1368 2242 testem
1395 2196 1442 2241 δι
1472 2196 1760 2251 memoriam,
1785 2194 1957 2242 constat
1978 2197 2034 2242 ab
2052 2196 2218 2253 Altari,
2243 2198 2375 2260 quod

363 2261 626 2318 Rubenitae,
664 2263 896 2318 Gadditae,
918 2263 982 2310 -&
1012 2262 1203 2309 dimidia
1239 2261 1382 2308 tribus
1406 2260 1662 2308 Menaschis
1696 2262 1751 2307 ad
1779 2261 2029 2321 Jordanem
2067 2263 2371 2320 aedificabant,

361 2327 437 2380 ,de
432 2344 538 2391 quo
561 2328 782 2382 dicebant
791 2329 855 2390 ad
871 2329 989 2377 filios
1011 2328 1195 2384 IsraeliS,
1230 2329 1358 2391 quod
1380 2328 1485 2374 ideo
1510 2327 1681 2374 bellum
1698 2328 1786 2374 illis
1803 2326 1962 2375 inferre
1980 2328 2206 2386 volebant,
2242 2331 2369 2394 quod

361 2394 696 2448 aedificaverint-
711 2397 756 2449 id
783 2406 834 2449 ut
858 2395 977 2450 testis
1001 2395 1121 2452 effet‚
1156 2395 1295 2459 quod
1318 2395 1484 2442 culturi
1508 2394 1593 2441 fint
1615 2383 1858 2455 Jehovam,
1896 2412 1991 2442 non
2013 2411 2092 2458 per
2116 2397 2374 2445 holocausta

363 2458 417 2509 &
437 2460 646 2515 sacrificia
667 2462 796 2526 super
819 2462 916 2518 illo,
952 2459 1023 2508 sed
1052 2461 1181 2525 super
1204 2462 1329 2508 altari
1352 2461 1478 2524 quod
1512 2473 1613 2508 ante
1637 2461 2002 2516 Habitaculum,
2039 2462 2210 2511 idcirco
2234 2478 2368 2523 voca·

363 2526 477 2577 bant
491 2523 642 2579 altare
682 2530 797 2576 illud
819 2528 970 2583 Testis
1000 2529 1115 2585 inter
1149 2545 1231 2576 nos
1260 2529 1308 2575 &
1333 2529 1447 2575 inter
1469 2543 1571 2584 VOS,
1606 2527 1734 2590 quod
1754 2520 1963 2588 Jehovah
1983 2529 2162 2585 Deu5,'’
2197 2529 2368 2590 Josch:

361 2608 501 2642 xxm:
534 2605 592 2644 10
614 2596 672 2642 ad

434 2661 575 2721 8624.
612 2661 676 2713 Et
697 2613 882 2714 Ξὲςανὶῐ
904 2647 1070 2711 nomen
1092 2659 1187 2726 ejus
1208 2661 1417 2723 Jehovah
1440 2627 1576 2717 Niffi,
1610 2659 1739 2723 quod
1768 2659 1988 2738 significet
2015 2652 2186 2725 bellum
2222 2664 2368 2710 conti-

363 2743 507 2776 nuum
534 2730 581 2776 &
608 2727 798 2775 tutelam
826 2719 1016 2777 Domini
1051 2742 1208 2777 contra
1238 2728 1338 2775 illos
1371 2730 1453 2792 qui
1487 2729 1535 2774 in
1561 2696 1675 2775 ’falib
1709 2728 1816 2775 mali
1842 2729 2078 2784 interioris,
2116 2729 2288 2777 constat
2311 2745 2369 2778 ex

361 2807 433 2851 eo,
468 2796 594 2858 quod
619 2795 812 2847 nomina
819 2807 936 2858 quae
956 2795 1014 2844 ab
1014 2796 1275 2868 Antiquis
1264 2812 1311 2842 in
1328 2794 1526 2842 Ecclesia
1547 2794 1838 2850 indebantur,
1868 2794 2215 2857 significaverint
2237 2788 2373 2859 quale

361 2863 412 2909 δι
435 2860 601 2910 statum
627 2863 706 2917 rei,
743 2860 800 2908 de
821 2877 925 2924 qua·
940 2875 1071 2918 tunc,
1073 2859 1315 2927 agebatur,
1352 2863 1415 2909 ὅτ
1425 2861 1552 2924 quod
1575 2876 1761 2924 quoque
1784 2862 2058 2909 involverint
2081 2863 2238 2909 eadem
2263 2863 2368 2926 ipsis

361 2928 652 2984 nominibus,
681 2944 741 2975 n:
771 2944 880 2990 340.
915 2928 1063 2991 1946.
1077 2944 1220 3002 3422.
1238 2933 1403 2991 4298,
1432 2926 1568 2993 quale
1594 2929 1643 2974 &
1666 2926 1801 2974 status
1826 2929 1887 2974 rei
1910 2927 1966 2974 de
1987 2944 2078 3004 qua
2100 2929 2174 2975 hic
2198 2931 2371 3005 agitur,

360 2994 442 3052 est,
477 2995 602 3071 quod
640 2994 811 3041 bellum
836 2994 1029 3054 Jchovae
1057 2996 1143 3040 erit
1175 3005 1333 3051 contra
1356 2990 1642 3040 Amalekum
1666 3008 1691 3038 a
1711 2996 1997 3059 generatione
2033 2997 2078 3041 in
2090 2998 2366 3071 ‘generatio-

362 3076 485 3117 nem,
522 3063 570 3108 in
593 3060 716 3108 sensu
749 3062 944 3118 interno,
980 3061 1107 3124 quod
1130 3060 1301 3119 bellum
1336 3074 1612 3123 perpetuum
1642 3060 1728 3106 erit
1760 3073 1922 3108 contra
1951 3057 2050 3107 illos
2079 3064 2160 3123 qui
2190 3063 2238 3108 in
2258 3060 2369 3109 falso

352 3128 469 3181 -mali
495 3129 745 3183 interioris;
763 3127 870 3174 hoc
901 3140 1087 3191 quoque
1124 3116 1401 3190 significatur
1434 3142 1512 3190 per
1527 3118 1743 3189 Jehovah
1767 3127 1911 3192 Nisfi:
1949 3127 2155 3188 Jehovah
2173 3128 2291 3175 Niffi
2321 3131 2372 3175 in

358 3193 558 3257 Lingua
567 3164 778 3258 originali
801 3193 1019 3257 significat
1034 3193 1248 3255 Jehovah
1272 3193 1491 3241 vexillum
1517 3191 1590 3257 seu
1612 3192 1794 3256 fignum
1815 3190 1988 3248 meum,
2015 3196 2064 3240 &
2084 3210 2165 3258 per
2186 3194 2368 3257 lignum

354 3271 434 3311 aut
443 3261 716 3317 vexillums
700 3277 764 3313 m·
761 3260 923 3317 Verbo
946 3259 1252 3326 significatur
1261 3252 1316 3321 ad
1337 3242 1546 3376 zum:
1576 3261 1624 3309 &
1641 3259 1756 3343 quia
1780 3259 1947 3308 dicitur
1972 3259 2159 3390 bellu&
2161 3261 2375 3372 Jelgovae,

2113 3343 2212 3372 ισω
2251 3339 2385 3374 cama
