2722 3684
401 335 816 391 litum-:verum'a
837 337 1030 401 proprio
1065 337 1334 403 acquifitum
1369 338 1536 387 dicitur
1571 335 1635 394 id,
1671 338 1798 402 quod
1833 315 1920 400 per
1956 337 2287 389 industionem.
2308 355 2367 387 ex

396 401 866 467 captispsincipiisex
883 403 1074 467 proprio
1091 405 1292 453 creditus
1305 405 1397 452 effe
1412 420 1592 461 verum,
1611 406 1829 466 &tamen
1855 419 1947 452 non
1971 419 2130 453 verum
2154 406 2216 452 est
2236 426 2251 459 3
2279 407 2369 454 tale

401 465 651 517 vei-umest
674 466 761 515 ini-s
782 470 975 533 quinon
994 469 1199 520 illustrati
1218 472 1369 535 aluce‘
1394 471 1500 519 coeli
1530 470 2025 535 explicant-Verbum,1
2043 470 2132 519 hoc
2165 471 2244 528 est,
2280 472 2361 536 qui

343 573 347 577 .
394 548 486 583 non
509 548 567 594 ex
584 529 826 582 affeffione
839 538 934 583 veri
954 531 1140 600 proptei·
1157 538 1331 584 bonum
1351 537 1461 585 vitae
1484 537 1643 599 legunt
1662 535 1790 592 illud,
1826 553 1934 584 nam
1959 536 2007 584 hi
2031 552 2126 584 non>
2141 537 2359 585 illustran-

392 594 494 655 ταὶς
531 599 563 645 fi
588 598 676 644 hoc
705 600 1009 666 exstinguitur
1047 602 1468 665 post'intiiitionem
1505 605 1714 666 plenam,
1739 618 1831 650 non
1858 603 1919 650 est
1956 603 2138 667 punitio
2177 604 2354 660 mortis,

388 667 481 714 hoc
496 665 576 722 est,
612 663 867 726 damnatio,
901 668 1007 732 quia
1030 669 1209 726 nonest
1231 682 1384 718 verum
1410 669 1638 734 spirituale
1660 668 1906 725 Divinum,
1941 682 1986 716 at
2004 668 2035 717 fi
2053 669 2368 739 exstinguitur-

384 745 490 779 ante
521 729 813 780 intuitionem
847 734 1048 797 plenam,
1085 733 1148 781 est
1176 735 1426 791 damnatio,
1463 751 1566 782 nam
1597 734 1661 782 est
1692 733 1873 797 rejeffio
1906 735 2016 798 Veri
2042 735 2148 783 fidei
2183 735 2367 798 Ipsius,

390 797 521 862 quod
544 795 668 845 enirn
702 800 811 847 fidei
835 799 1019 863 alicujus
1041 800 1216 849 faetum
1239 801 1320 857 est,
1372 801 1546 848 etiamsi
1570 816 1661 848 non
1686 816 1845 850 verum
1869 799 2003 858 foret,
2040 816 2132 848 non
2153 801 2356 864 rejicien-

384 865 503 926 (lum
523 863 603 920 est,
656 865 738 912 nifi
763 881 842 929 per
866 867 1047 930 plenam
1072 868 1360 919 intuitionem
1382 888 1396 921 ;
1432 868 1463 914 fi
1489 867 1628 929 prius,
1663 866 1996 915 initiamentum
2021 867 2130 915 vitae
2151 867 2243 930 ejus
2266 867 2354 932 spi*

383 929 552 976 ritualis
574 931 882 995 exstirpatum
913 947 1189 996 quapropter
1211 933 1610 981 etiamDominus
1645 931 1862 996 nusquam
1904 932 1990 979 tale
2031 948 2188 980 verum
2227 934 2352 997 apud

380 994 619 1046 hominem
643 997 826 1058 frangit,
862 998 933 1045 sed
955 1003 1178 1060 quan-tum
1205 998 1298 1045 fieri
1324 997 1468 1061 potest
1492 997 1662 1044 fleetit:
1701 997 1773 1044 sed
1800 998 1852 1045 fit
1875 998 2139 1062 exemplum
2166 999 2352 1047 illustra-

381 1063 534 1115 tioni‘3
569 1064 650 1126 qui
673 1063 817 1111 credit
839 1064 950 1111 c'oeli
975 1063 1166 1125 gloriam
1191 1066 1243 1112 δε
1266 1064 1370 1112 inde
1395 1064 1618 1125 gaudium
1641 1064 1874 1110 consistere
1892 1067 1936 1112 in
1955 1064 2194 1112 dominatu
2219 1065 2350 1128 super

382 1127 569 1182 multos,
605 1129 654 1175 ὅτ
672 1144 730 1176 ex
746 1141 880 1193 capto
903 1129 988 1178 hoc
1014 1130 1241 1193 principio
1262 1131 1459 1192 explicat
1483 1130 1681 1178 Domini
1703 1131 1836 1177 verba
1853 1130 1913 1177 de
1930 1130 2062 1177 servis
2080 1133 2162 1194 qui
2186 1131 2348 1180 lucrati

382 1192 526 1239 minas
543 1193 704 1241 decem
723 1195 773 1243 ὅτ
790 1196 1013 1259 quinque,
1049 1197 1183 1260 quod-
1198 1195 1467 1260 pot-estatem
1492 1195 1686 1243 habituri
1711 1201 1850 1244 client
1872 1198 2002 1260 lupe'r
2026 1195 2186 1244 decem
2211 1198 2350 1245 urbes⁴

356 1258 432 1305 e&
454 1258 585 1322 super
606 1259 814 1324 quinque
837 1261 983 1318 urbes,
1032 1262 1160 1309 Luc:
1187 1277 1303 1313 xix-z
1332 1280 1348 1310 1
1366 1281 1383 1310 1
1412 1283 1426 1317 ,ς
1461 1263 1583 1309 ut&
1606 1277 1662 1309 ex
1686 1261 1878 1331 Dorngini
1918 1262 2086 1317 verbis,
2121 1263 2178 1311 ad
2214 1263 2347 1311 disci·

373 1323 526 1386 pulos,
562 1326 688 1388 quod
707 1326 855 1374 sessuri
874 1327 1012 1374 effent
1030 1328 1159 1391 super
1176 1327 1368 1384 thronis,
1403 1327 1452 1373 &
1468 1327 1708 1387 judicaturi
1728 1327 1971 1376 duodecim
1994 1329 2138 1376 tribus
2158 1328 2345 1387 Israelis,

373 1388 506 1436 Luc:
531 1406 640 1438 xxii
666 1408 677 1437 ε
706 1408 798 1454 303
852 1391 883 1440 si
914 1394 1056 1453 fidem
1097 1394 1238 1450 suam,
1288 1408 1396 1458 quae
1419 1393 1481 1440 est
1505 1393 1616 1441 fides
1640 1394 1731 1442 veri
1757 1394 1962 1443 exsensu
1996 1394 2156 1442 literali
2179 1396 2349 1454 Verbi,

370 1456 678 1518 a‘n‘te'plenam
705 1459 984 1515 intuitiotem
1005 1459 1272 1523 exstinguit,
1302 1459 1528 1523 jadturam
1553 1460 1788 1523 spiritualis
1813 1460 1909 1510 suae·
1927 1461 2038 1507 vitae
2059 1460 2162 1509 facit
2184 1482 2199 1515 3
2234 1476 2281 1511 at
2307 1463 2342 1509 fi

368 1521 471 1584 post
511 1523 800 1571 intuitionem
843 1524 1043 1587 plenam,
1093 1528 1414 1590 interpretatur
1442 1526 1517 1573 illa
1552 1540 1615 1573 ex‘
1650 1526 1843 1574 Domini
1889 1527 2054 1582 verbis,
2089 1527 2235 1591 quod·
2257 1528 2342 1592 qui

374 1586 602 1636 maximus
619 1588 731 1653 velit
745 1590 850 1648 effe,
874 1593 959 1638 erit
977 1591 1196 1640 minimus
1215 1613 1230 1648 ς
1254 1593 1303 1640 δε
1321 1591 1402 1655 qui
1423 1594 1611 1654 primus,
1629 1593 1715 1640 erit
1730 1592 1946 1640 omnium
1964 1593 2129 1649 servus,
2148 1594 2337 1642 Matth‘:

371 1669 463 1700 xx:
483 1653 570 1703 26.
598 1666 679 1718 27.'
706 1658 783 1703 28.
842 1656 1000 1705 Marc:
1024 1673 1084 1705 x:
1109 1674 1191 1718 42.
1241 1658 1373 1717 Luc:
1396 1673 1535 1705 xxn:
1565 1672 1626 1717 24
1648 1658 1706 1705 ad
1731 1674 1810 1722 27,
1845 1658 2265 1720 tuncfiexstinguit
2284 1662 2339 1709 fi-

369 1719 476 1767 dem
503 1720 625 1767 suam
647 1720 706 1767 de
729 1722 872 1786 gloria
896 1725 953 1771 &-
969 1723 1140 1786 gaudio
1160 1724 1330 1771 coelesti
1352 1739 1410 1772 ex
1432 1722 1669 1773 dominatu
1702 1724 1834 1788 super
1863 1723 2045 1780 multOS‚
2082 1740 2174 1772 non
2187 1725 2338 1787 janu-

367 1800 462 1832 ram
489 1785 599 1833 vitae
624 1785 716 1834 suae
740 1787 978 1851 spiritualis
1002 1788 1136 1837 facit:
1183 1805 1262 1853 per
1283 1790 1413 1838 urbes
1447 1791 1592 1847 enirn,
1625 1791 1754 1853 super
1776 1790 1943 1854 quibus
1967 1790 2232 1854 potestatem
2259 1791 2337 1840 ha-

369 1850 503 1899 bituri
528 1851 631 1900 sunt
656 1855 738 1917 qui
761 1855 919 1902 lucrati
943 1855 1101 1912 minas,
1139 1855 1448 1919 significantur
1469 1871 1582 1902 vera»
1596 1856 1724 1913 fidei,
1761 1872 1816 1903 n:
1844 1857 1988 1904 2268.
2005 1872 2160 1918 2450.
2188 1872 2336 1921 2712.

369 1930 514 1981 2943.
543 1920 691 1981 3216,
738 1935 790 1967 ac
814 1917 928 1977 inde*>
941 1921 1236 1984 intelligentia
1259 1924 1315 1970 ὅτ’
1333 1922 1581 1985 sapien-tia3
1631 1922 1835 1971 similiter
1857 1937 1940 1986 per
1961 1922 2164 1979 thronos,
2206 1923 2338 1987 super

367 1983 532 2046 quibus
568 1984 714 2032 seffuri
748 1985 974 2050 discipuli,
1011 2003 1039 2034 n
1060 2004 1070 2033 ε
1099 2003 1242 2052 2129.
1268 1990 1396 2051 6397
1418 2005 1428 2034 :
1464 1988 1545 2051 qui
1570 1989 1615 2034 in
1640 1988 1759 2035 coelo
1783 2004 1839 2035 ex
1863 1989 1977 2035 veris
1999 1988 2105 2036 fidei
2130 1990 2175 2035 in
2202 1990 2335 2038 intel-

362 2047 548 2109 ligentia
570 2050 621 2096 ὅτ
643 2050 858 2114 sapientia
883 2068 980 2115 prae
1000 2053 1096 2106 aliis
1118 2053 1235 2108 sunt,
1271 2053 1336 2100 illi
1364 2055 1406 2101 in
1431 2055 1516 2101 tali·
1535 2053 1851 2101 humiliatione
1873 2055 1991 2111 sunt,
2015 2067 2068 2102 ut
2091 2070 2229 2102 omne
2252 2073 2337 2120 po-

366 2113 533 2162 testatis
550 2113 748 2164 tribuant
767 2117 991 2174 Domino,
1015 2120 1066 2166 &
1083 2119 1198 2166 nihil
1217 2118 1314 2176 fibi,
1337 2131 1621 2183 quapropter
1639 2122 1720 2166 ne'c
1735 2120 1909 2184 aliquid
1928 2121 2090 2183 gloriae
2107 2122 2157 2169 δε
2175 2123 2332 2183 gaudii

359 2178 407 2225 in
426 2179 807 2230 dominando'sed
826 2183 872 2230 in
891 2183 1124 2232 serviendo
1149 2198 1328 2248 ponunt
1348 2207 1361 2239 ;
1398 2187 1447 2234 &
1470 2201 1577 2232 cum
1597 2186 1642 2232 in
1662 2185 1748 2233 hoc
1772 2186 1885 2240 statu
1909 2190 2029 2243 sunt,
2048 2187 2094 2234 in
2118 2186 2332 2236 dominio

361 2243 565 2303 sunt,—&
591 2264 781 2318 quoque
805 2251 852 2297 in
873 2249 1018 2313 gloria
1041 2251 1091 2299 ὅτ
1112 2251 1284 2314 gaudio
1318 2267 1414 2315 prae
1444 2251 1575 2305 aliis;
1629 2251 1702 2298 sed
1742 2267 1835 2299 non
1871 2267 1929 2299 ex
1967 2252 2226 2311 dominatu,
2277 2265 2331 2303 ut·

358 2310 541 2362 ‘dietum
565 2319 645 2372 est,
682 2330 842 2363 verum
867 2331 924 2363 ex
946 2315 1185 2364 affectione
1209 2318 1374 2366 amoris
1397 2318 1447 2364 ὅτ
1469 2317 1708 2372 charitatis,
1743 2334 1852 2380 quae
1873 2317 1938 2365 est
1957 2317 2175 2366 serviendi
2197 2319 2325 2376 aliis;

359 2376 513 2427 influit
536 2385 662 2432 enim
685 2381 912 2428 Dominus
934 2397 1037 2430 cum
1063 2382 1265 2446 potentia
1287 2383 1410 2447 apud
1435 2382 1530 2430 illos
1551 2383 1635 2447 qui
1658 2383 1852 2431 humiles
1887 2383 2004 2441 sunt,
2058 2400 2149 2432 non
2172 2398 2327 2433 autem

355 2444 481 2505 apud
498 2446 653 2507 elatos,
689 2447 797 2512 quia
813 2447 879 2494 illi
894 2447 1121 2496 influxum
1145 2450 1384 2513 recipiunt,
1421 2448 1469 2497 hi
1487 2460 1640 2497 autem
1663 2447 1886 2513 rejiciunt,
1922 2466 1980 2497 n:
2006 2453 2147 2514 7489.
2177 2455 2322 2515 8491.

465 2527 508 2556 2.

362 2522 566 2637 7499040.
603 2577 744 2626 Vers:
776 2593 831 2641 21
859 2578 917 2626 ad
943 2594 1022 2643 27.
1091 2580 1194 2627 Cum
1218 2581 1352 2628 rixati
1383 2575 1548 2638 fuerint
1570 2581 1678 2636 vim,
1698 2579 1770 2630 -&
1780 2579 1913 2645 plaga
1936 2579 2156 2642 affecerint
2177 2583 2323 2631 mulie-

347 2654 436 2686 rem
447 2641 702 2704 gravidam,
737 2641 793 2692 &³
816 2646 1026 2693 exiverint
1037 2656 1200 2706 *partus
1223 2647 1325 2710 ejus,
1362 2644 1417 2693 Εὖ)
1434 2661 1514 2693 non
1528 2643 1588 2704 fit
1610 2644 1825 2703 damnum,
1861 2647 2099 2696 mutuando
2139 2649 2320 2697 mulua-

349 2704 429 2762 bit,
464 2708 806 2770 quemadmodum
838 2707 1078 2771 imposuerit·
1096 2711 1229 2774 super
1264 2712 1381 2760 illum
1404 2710 1588 2759 dominus
1608 2713 1810 2767 mulieris,
1845 2711 1901 2762 [²2²
1923 2712 2043 2760 dabit
2066 2715 2110 2761 in
2131 2714 2319 2776 judices.

350 2771 418 2817 Et.
419 2772 467 2829 st
485 2773 684 2821 damnum
693 2775 852 2838 fuerit,
889 2774 945 2823 δέ’
960 2776 1080 2836 dabis
1101 2780 1288 2825 animam
1303 2790 1382 2839 pro
1398 2781 1570 2832 anima3
1605 2778 1765 2826 oculum
1782 2789 1862 2839 pro
1885 2779 2027 2832 oculo;
2061 2779 2319 2843 dentem'pro

350 2834 472 2885 dente
492 2860 507 2894 3
541 2855 712 2888 manum
721 2853 804 2902 pro
820 2854 946 2888 manu
964 2862 980 2896 ς
1007 2841 1156 2904 pedem
1166 2856 1246 2904 pro
1257 2841 1360 2906 pede
1378 2863 1391 2897 3
1414 2844 1609 2903 ustionem
1629 2856 1706 2905 pro
1729 2844 1878 2904 ustione
1897 2865 1911 2897 ;
1945 2845 2102 2893 vulnus
2116 2858 2198 2907 pro
2219 2850 2319 2896 vul-

347 2911 480 2958 nere}
511 2907 685 2970 plagam
714 2919 794 2967 pro
826 2906 977 2968 plaga.
1045 2908 1108 2954 Et
1130 2923 1221 2956 cum
1248 2908 1492 2973 percuffirit
1520 2911 1596 2957 vir
1629 2909 1791 2956 oculum
1818 2911 1935 2966 βψω·
1946 2912 2034 2969 fici,
2069 2913 2142 2960 vel
2156 2913 2318 2959 oculum

333 2969 513 3016 ·ancillae
525 2973 635 3034 suae,
673 2971 729 3022 &¹
752 2974 992 3035 corruperit
1014 2986 1124 3029 eum,
1159 2972 1220 3020 ad
1245 2972 1423 3021 liberum
1448 2977 1587 3022 mittet
1611 2974 1733 3022 illum
1769 2987 1845 3035 pro
1876 2975 1991 3023 oculo
2025 2977 2130 3039 ejus.
2199 2979 2262 3024 Et
2270 2977 2318 3037 st

345 3032 508 3083 dentem
521 3039 648 3100 strvi
658 3040 749 3102 sui,
781 3039 856 3087 vel
874 3038 1034 3086 dentem
1069 3038 1235 3086 ancillae
1253 3044 1347 3097 sttae
1378 3040 1616 3103 excufferit,
1653 3040 1711 3087 ad
1730 3039 1909 3089 liberum
1940 3044 2076 3089 mittet
2098 3043 2217 3091 illum
2237 3056 2317 3106 pro

256 3089 260 3092 ’
343 3097 464 3147 dente
485 3103 597 3165 ejus.
668 3104 856 3152 Etcum
876 3106 1008 3152 rixati
1034 3103 1203 3153 fuerint
1226 3104 1333 3162 viri,
1369 3105 1594 3167 fignificat
1615 3107 1958 3159 contentionem
1982 3123 2172 3171 gravem
2198 3110 2316 3156 inter

342 3176 480 3215 verass:
504 3168 571 3220 ’ὅτ’
590 3170 727 3236 plaga
742 3170 974 3224 affecerint
998 3171 1541 3285 muliexengrlavidam›‚‹
1560 3171 1782 3236 fignificat
1804 3172 2032 3223 laefionem
2058 3174 2164 3224 boni
2187 3175 2318 3241 quod

1363 3252 1403 3288 2-
2265 3254 2322 3290 ex
