2722 3684
446 325 544 380 vih,
570 319 748 383 cedt‘j‘icat
771 323 814 370 in
837 322 946 371 coelis
959 322 1125 387 gradus
1140 323 1235 384 suos
1255 322 1286 341 ’⁹
1315 337 1391 369 rx:
1419 322 1463 370 6;
1534 323 1677 388 Apud
1701 324 1976 374 Malachiam
2015 332 2047 357 “
2067 325 2111 374 Si
2137 327 2187 377 s1t
2209 316 2331 380 cibus
2354 329 2401 377 iri

442 390 588 439 domo
612 405 728 446 mea,
763 399 986 455 aperturus
1011 390 1107 451 sum
1128 388 1340 451 fenestras
1362 388 1468 444 caeli,
1505 388 1555 436 &
1578 389 1795 437 effusurus
1827 392 1956 440 vobis
1988 386 2402 443 benedifflonerh'’

444 473 542 504 111:
575 472 647 505 10.
718 455 861 518 Apud
888 455 1067 502 Esaiam
1105 460 1140 484 “
1161 453 1396 515 Prospice'e
1417 455 1547 511 caelis,
1569 457 1631 502 δε
1665 456 1769 502 vide
1799 471 1854 504 ex
1881 457 2133 506 habitaculo
2158 459 2401 509 sanffitatis

444 532 537 569 tuae
571 523 622 570 &
654 521 825 574 decoris
851 521 916 568 tui
936 519 966 542 ''
1020 520 1184 566 utrix:
1223 536 1294 577 14.
1367 519 1515 581 Apud
1549 520 1768 568 Moschen
1821 530 1855 551 ‘⁶
1877 523 2114 571 Beneditfta
2137 538 2162 570 a
2186 526 2401 586 Jeh'ovah

444 601 557 635 terra
581 585 787 651 Josephi,
823 587 878 633 de
897 584 1094 647 pretiosts
1116 584 1224 640 caeli,
1260 583 1310 633 de
1332 588 1429 631 ro‘re
1446 583 1477 602 '⁹
1523 585 1670 632 Deut:
1712 595 1875 634 xxxin
1895 605 1907 635 ε
1954 608 1968 636 1
1984 605 2026 651 3.
2096 591 2240 652 Apud
2276 591 2401 638 Mat·

445 654 620 701 thaeurn
656 662 690 683 “
710 652 837 714 Jesus
861 651 996 707 dixit,
1032 651 1110 696 n'o'n
1121 650 1297 709 jurabis
1314 661 1396 711 per
1414 650 1574 707 caelum,
1610 652 1717 714 quia
1737 652 1922 699 thronus
1946 655 2032 700 Dei
2056 655 2117 701 est
2137 673 2148 703 :
2185 655 2262 719 qui
2273 658 2402 720 jura-

445 723 560 767 verit
576 731 656 780 per
677 718 838 770 caelum,
865 715 984 779 jurat
1009 730 1087 778 per
1110 715 1324 762 thronum
1354 714 1461 771 Dei,
1499 717 1549 764 &c
1583 733 1661 779 per
1685 717 1835 780 Ipsum
1861 719 1942 781 qui
1970 719 2082 766 sedit
2121 719 2247 782 super
2270 723 2349 769 illo
2365 721 2400 746 ’⁹

446 782 503 831 ii:
530 796 607 845 34.
643 783 769 846 Cap:
794 797 957 829 xx111:
987 796 1043 827 22
1068 802 1082 835 ς
1119 780 1164 827 i'n
1190 780 1257 827 his
1291 780 1398 828 locis
1428 782 1476 828 δε
1513 783 1558 828 in
1597 783 1798 845 pluribus
1817 783 1912 830 aliis
1950 787 2029 848 per
2052 785 2206 832 Coelos
2230 786 2401 848 fignifi-

444 851 597 897 ‘cantur
613 846 719 896 eoeli
742 847 966 908 angelici:
1002 847 1050 894 Sc
1074 846 1178 910 quia
1197 846 1384 893 Coelum
1413 847 1603 895 Do‘rnini
1624 849 1666 894 in
1687 849 1812 895 ‘terris
1831 846 1894 896 est
1913 848 2126 907 Ecclesia,
2161 851 2296 899 etiam
2322 865 2403 912 per

445 915 613 962 coelum
639 915 912 975 significatur
937 912 1148 966 Ecclefia,
1187 923 1238 959 ut
1262 913 1305 958 in
1330 912 1614 975 sequentibus
1639 914 1776 968 locis;
1818 916 1938 976 apud
1963 908 2215 975 Johannem
2253 927 2285 946 ‘⁴
2303 915 2405 964 Vidi

445 983 591 1029 caelum
613 979 767 1027 novum
799 980 848 1027 ὅτ
878 988 1040 1026 terram
1078 993 1249 1033 novam,
1279 980 1406 1039 prius
1446 981 1554 1025 enim
1593 980 1734 1026 caelum
1757 979 1812 1028 δέ’
1831 981 1950 1040 prior
1973 991 2092 1028 terra
2124 982 2351 1041 transterat
2368 981 2403 1005 '⁹

446 1044 609 1109 Apoc:
635 1047 752 1092 xx1:
783 1063 823 1093 1.
891 1044 1039 1107 Apud
1065 1042 1241 1090 Esaiam
1285 1051 1316 1073 “
1336 1043 1454 1095 Ecce
1478 1046 1741 1107 Ego.creans
1765 1046 1890 1092 Coelos
1918 1062 2043 1092 novos
2068 1047 2114 1093 &z
2149 1057 2311 1094 terram
2332 1055 2402 1094 πσ-

445 1116 564 1169 vam,
601 1111 704 1158 ideo
728 1125 810 1157 nec
831 1109 1313 1158 commemorabuntur
1330 1109 1471 1171 priora
1492 1130 1506 1163 3
1531 1126 1677 1173 neque
1692 1110 1928 1158 ascendent
1944 1111 2073 1174 super
2095 1119 2172 1159 cor
2191 1112 2222 1131 ’'
2249 1124 2366 1166 vat
2387 1127 2402 1160 ε

452 1184 527 1241 1'7.
596 1175 741 1241 Apud
766 1175 982 1223 Eundem
1017 1181 1051 1204 “
1072 1174 1177 1221 Caeli
1194 1174 1308 1233 ficut
1320 1176 1475 1237 fumus
1497 1179 1751 1233 evanescent,
1788 1177 1837 1224 ὅτ
1860 1186 1979 1224 terra
2000 1177 2107 1224 sicut
2132 1177 2259 1225 vestis
2277 1190 2398 1225 vete-

447 1240 587 1291 rascet
605 1240 637 1261 ’'
674 1256 726 1288 ιι
750 1258 760 1288 :
787 1241 831 1288 6.
900 1239 1045 1303 Apud
1067 1238 1280 1286 Eundem
1317 1246 1352 1268 ‘⁶
1378 1241 1507 1299 Vestio
1530 1240 1674 1288 coelum
1691 1250 1848 1298 atrore,
1883 1243 1932 1289 &
1955 1241 2130 1289 saccum
2148 1241 2267 1289 facio
2286 1245 2403 1290 vela-

446 1307 600 1355 men”
637 1323 690 1354 L:
719 1323 762 1369 3.
833 1306 974 1368 Apud
996 1305 1283 1352 Ezechielem
1321 1312 1353 1335 ‘⁴
1370 1306 1576 1368 Obtegam
1596 1308 1727 1362 caelos,
1763 1309 1811 1354 ὅτ,
1828 1306 1980 1355 atrabo
1986 1308 2130 1368 stellas
2144 1312 2297 1365 eorum,
2335 1309 2402 1355 so·

446 1374 538 1420 lem
564 1372 682 1420 nube
699 1373 935 1431 obtegam,
971 1370 1021 1418 8τ
1045 1370 1149 1417 luna
1174 1383 1262 1418 non
1285 1369 1426 1417 lucere
1449 1371 1750 1419 saciet'lurnen
1775 1372 1916 1428 suum,
1951 1374 2001 1420 ὅτ
2016 1374 2154 1420 omnia
2172 1373 2409 1421 luminaria

447 1436 551 1486 lucis
572 1440 616 1484 in
637 1437 733 1486 coelo
755 1435 924 1491 arrabo,
960 1436 1010 1484 &
1027 1435 1146 1483 dabo
1169 1436 1366 1482 tenebras
1387 1437 1506 1499 super
1526 1451 1647 1485 terra
1666 1436 1695 1460 '⁹
1717 1452 1838 1485 xxxx
1853 1455 1870 1485 1
1893 1454 1904 1484 ε
1931 1452 1973 1501 7.
2001 1442 2045 1485 8.·
2113 1439 2259 1502 Apud
2283 1439 2405 1493 Mat-

448 1502 624 1552 thaeurn
660 1511 693 1532 “
712 1501 816 1549 Post
838 1501 1130 1550 afflietionem
1155 1501 1330 1548 dierum
1351 1502 1547 1558 illorum,
1584 1503 1645 1549 sol
1665 1502 1984 1556 obscurabitur,
2020 1503 2067 1550 &
2087 1503 2192 1550 luna
2215 1520 2305 1550 non
2329 1505 2406 1550 da-

449 1570 516 1617 b'it
535 1570 686 1617 lumen
711 1567 859 1623 suum,
895 1568 943 1615 &
953 1567 1087 1624 stellae
1109 1566 1254 1614 cadent
1273 1566 1322 1614 de
1343 1569 1456 1624 mlo,
1481 1567 1530 1615 &
1553 1570 1735 1615 virtutes
1749 1568 1943 1615 caelorum
1959 1568 2403 1617 commovebuntur’'

449 1649 577 1683 xxtv
597 1651 610 1682 ε
637 1649 696 1695 29
720 1649 732 1680 ε
767 1631 879 1696 quid
900 1648 979 1695 per
1000 1633 1157 1688 solem,
1179 1633 1349 1689 lunam,
1374 1633 1527 1689 stellas,
1545 1635 1593 1681 &
1620 1634 1662 1680 in
1682 1633 1826 1690 coelis,
1850 1633 2169 1696 significantur,
2203 1636 2405 1682 videatur

449 1709 508 1747 n:
532 1699 663 1760 4056
682 1698 739 1746 ad
763 1699 912 1757 4060.
980 1697 1125 1761 Apud
1153 1697 1331 1746 Esaiam
1368 1705 1402 1727 “
1420 1698 1628 1760 Jehovah
1650 1699 1774 1747 Deus
1792 1698 1976 1756 Israelis,
2014 1700 2093 1746 Tu
2113 1713 2160 1746 es
2178 1698 2293 1748 solus
2311 1701 2406 1747 De-

450 1781 517 1821 us,
542 1769 671 1827 super
692 1766 828 1812 omnia
855 1779 985 1827 regna
1004 1772 1149 1819 terrae,
1182 1773 1231 1810 tu
1248 1763 1391 1826 fecisti
1405 1764 1550 1812 coelum
1570 1764 1624 1813 fs?
1645 1774 1805 1812 terram
1821 1763 1853 1783 ’'
1889 1778 2085 1812 xxxvrt:
2119 1766 2188 1811 16.
2248 1766 2410 1828 'Apudz

453 1830 668 1878 Eundem
706 1836 743 1859 “
760 1828 972 1890 Jehovah
995 1827 1158 1878 faciens
1180 1829 1352 1885 omnia,
1389 1829 1622 1892 expandens
1642 1830 1759 1878 ccelos
1779 1829 1902 1890 solus,
1938 1829 2177 1877 extendens
2199 1838 2359 1879 terram
2381 1846 2406 1878 a

453 1892 541 1944 Me
565 1895 667 1959 Ipso
683 1893 716 1914 '⁹
752 1909 902 1942 xmv:
930 1910 1006 1953 24.
1076 1895 1215 1956 Apud
1243 1894 1460 1942 Eundem
1499 1902 1529 1924 ‘·
1548 1895 1746 1957 Jehovah
1779 1903 1924 1943 creans
1947 1894 2079 1950 mles,
2102 1897 2298 1958 formans
2319 1905 2407 1944 ter-

452 1978 567 2019 ram,
603 1963 656 2009 ὅτ’
674 1958 837 2007 faciens
860 1976 980 2018 eam,
1020 1959 1069 2006 &
1092 1963 1343 2023 praeparans
1365 1975 1485 2017 eam,
1520 1977 1612 2010 non
1637 1961 1896 2009 inanitatem
1920 1961 2085 2012 creavit
2101 1973 2200 2007 eam
2217 1960 2250 1980 '’
2276 1960 2375 2007 'xtv
2392 1977 2411 2007 ι

461 2030 516 2077 18
539 2048 554 2082 ;
589 2026 714 2091 quod
736 2038 815 2089 per
831 2026 1000 2074 coelum
1026 2026 1074 2072 ὅτ
1092 2037 1254 2075 terram
1279 2027 1324 2073 in
1350 2025 1418 2073 his
1436 2024 1546 2074 locis
1568 2027 1618 2076 δε
1642 2027 1686 2074 in
1704 2025 1799 2073 aliis
1823 2025 1868 2072 in
1897 2024 2020 2072 sensu
2045 2026 2221 2087 interno
2245 2025 2409 2073 intelli-

389 2125 391 2133 ·
454 2102 590 2154 gatur
621 2091 837 2147 Ecclefia,
872 2107 951 2155 per
974 2090 1162 2138 Coelum
1183 2091 1378 2140 Ecclefia
1400 2093 1590 2150 interna,
1626 2092 1677 2141 δε
1700 2107 1779 2156 per
1801 2103 1966 2139 terram
1991 2089 2184 2138 Ecclefia
2207 2103 2412 2148 externa,

456 2157 661 2218 videatur
684 2173 740 2204 n:
772 2158 1075 2219 1733.185o.
1103 2171 1249 2218 2117.
1276 2156 1400 2206 2118
1422 2158 1514 2205 fin:
1540 2173 1665 2221 3355
1686 2159 1779 2205 fin:
1803 2172 1931 2217 4535
1954 2176 1969 2209 3
2004 2157 2242 2219 exquibus
2267 2168 2407 2218 patet,

455 2223 583 2287 quod
600 2237 680 2285 per
701 2221 982 2270 Creationem
1008 2224 1053 2268 in
1074 2221 1239 2268 Primis
1263 2221 1494 2284 Capitibus
1518 2222 1758 2279 Geneseos,
1794 2222 2050 2268 ubidicitur
2088 2229 2120 2250 ‘⁴
2139 2222 2192 2269 In
2204 2223 2410 2284 principio

428 2324 435 2330 .
455 2290 622 2336 creavit
645 2289 766 2336 Deus
789 2287 929 2334 caelum
947 2286 1002 2336 Β
1023 2297 1183 2334 terram
1200 2286 1231 2310 '⁹
1267 2287 1440 2335 Genes:
1471 2305 1489 2336 1
1513 2304 1525 2334 ε
1555 2306 1594 2338 ι.
1665 2290 1727 2336 Et
1754 2288 1931 2350 absoluti
1953 2288 2053 2346 sunt
2086 2287 2176 2334 caeli
2196 2286 2250 2336 ΕΩ*
2271 2296 2410 2342 terra,

457 2352 514 2403 ’ἔθ’
538 2355 668 2401 omnis
690 2357 892 2402 exercitus
913 2367 1055 2401 eorum
1072 2351 1105 2371 ’'
1142 2352 1273 2416 Cap:
1304 2368 1323 2399 1
1340 2370 1356 2401 1
1378 2370 1390 2400 :
1423 2370 1464 2411 1,
1500 2352 1774 2416 intelligatur
1797 2367 1912 2400 nova
1938 2351 2148 2408 Ecclesia,
2181 2351 2347 2413 creatio
2368 2368 2415 2399 e-

459 2421 559 2468 nirn
578 2419 639 2467 ibi
660 2418 724 2466 est
740 2434 861 2467 nova
880 2418 1174 2481 regeneratio,
1207 2434 1314 2482 quae
1350 2418 1486 2466 etiam
1517 2434 1636 2467 nova
1667 2420 1830 2469 creatio
1851 2428 2051 2472 vocatur,
2085 2428 2137 2464 ut
2155 2417 2201 2464 in
2218 2417 2413 2481 explica-

462 2483 659 2533 tionibus
679 2484 736 2532 ad
753 2485 828 2531 illa
846 2484 1009 2548 Capita
1029 2482 1256 2531 ostensum
1275 2483 1416 2531 videri
1440 2484 1602 2549 potest.

527 2566 676 2613 9409.
713 2549 777 2599 Et
797 2549 853 2596 ad
878 2550 1087 2613 sepositos
1120 2549 1238 2597 filios
1259 2549 1443 2607 Israelis,
1477 2549 1601 2612 quod
1623 2547 1842 2612 significet
1865 2545 1963 2597 illos
1985 2549 2068 2615 qui
2091 2547 2139 2612 in
2172 2548 2267 2597 solo
2290 2546 2417 2596 sensu

461 2628 648 2664 externo
671 2615 865 2679 separato
874 2615 936 2663 ab
951 2615 1141 2671 intern0,
1163 2614 1335 2662 constat
1352 2630 1408 2662 ex
1433 2614 1821 2679 repraesentatione
1838 2608 2045 2663 filiorum
2062 2612 2229 2662 Israelis
2250 2613 2332 2677 qui
2355 2611 2419 2660 se-

464 2681 596 2744 positi
620 2682 692 2727 seu
715 2680 896 2746 separati
915 2697 940 2728 a
963 2680 1205 2736 Moscheh‚
1242 2680 1487 2738 Aharone,
1511 2680 1676 2728 Nadab
1705 2681 1754 2728 ὅτ
1778 2678 1961 2737 Abihu,
1996 2682 2047 2729 ὅτ
2078 2695 2105 2726 a
2137 2677 2418 2744 septuaginta

465 2746 727 2802 senioribuS,
761 2747 818 2794 cle
840 2747 1003 2809 quibus
1026 2746 1153 2811 supra
1175 2745 1291 2793 Vers
1305 2763 1316 2792 :
1343 2760 1369 2791 2
1405 2746 1587 2803 dicitur,
1621 2745 1746 2810 quod
1770 2761 1861 2793 non
1896 2742 2149 2801 ascendent,
2183 2744 2308 2809 quod
2333 2743 2418 2790 fint

465 2813 544 2877 qui
569 2811 614 2858 in
636 2812 778 2858 Verbi
794 2812 915 2859 sensu
936 2824 1124 2862 externo
1144 2810 1345 2874 separato
1360 2811 1417 2858 ab
1441 2813 1632 2868 interno,
1667 2811 1724 2858 de
1746 2826 1836 2876 qua
1860 2809 1983 2872 supra
2005 2828 2062 2859 n:
2087 2814 2233 2876 9380.
2301 2808 2418 2856 Pau·
2448 2822 2463 2841 t

466 2880 529 2926 cis
552 2877 626 2925 hic
645 2876 836 2934 dicetur,
870 2878 1058 2941 quinam
1081 2877 1132 2923 ὅτ
1154 2877 1306 2941 quales
1324 2877 1388 2924 illi
1413 2876 1610 2941 suntqui
1635 2876 1680 2923 in
1702 2875 1827 2924 sensu·
1841 2875 1982 2938 Verbi
2006 2888 2196 2925 externo
2219 2875 2418 2939 separato

467 2944 526 2991 ab
540 2997 544 3002 λ
558 2945 749 2999 interm,
783 2941 888 2990 sunt
908 2945 989 3007 qui
1006 2958 1063 2991 ex
1080 2943 1235 2993 Verbo
1251 2942 1419 2991 nullam
1440 2943 1712 2991 Doctrinam
1728 2940 1953 2997 charitatis
1969 2943 2019 2990 &
2038 2936 2144 2989 fidei
2162 2939 2419 2999 extrahunt,

468 3009 542 3055 sed
565 3019 756 3056 manent
770 3007 918 3056 solum
943 3010 988 3055 in
1005 3008 1146 3055 Verbi
1169 3007 1294 3056 sensu
1316 3008 1456 3057 literae
1476 3030 1490 3063 ς
1523 3009 1726 3057 ὀοξὶῐίηα
1747 3007 1968 3056 charitatis
1989 3009 2039 3056 δι
2072 3005 2178 3055 fidei
2201 3004 2263 3052 est
2285 3005 2420 3051 inter·

468 3073 581 3121 num
603 3074 761 3131 Verbi,
796 3074 847 3122 ὅτ,
864 3071 1006 3122 sensus
1022 3075 1162 3121 literae
1173 3075 1236 3122 est
1250 3087 1488 3122 externum
1510 3072 1636 3137 ejus:
1672 3074 1750 3138 qui
1770 3072 1952 3121 insensu
1970 3083 2154 3121 externo
2170 3069 2309 3118 Verbi
2327 3070 2423 3116 abt:

469 3154 560 3203 que
582 3139 759 3188 interno
781 3139 896 3198 sunt,
930 3139 996 3189 illi
1019 3154 1204 3204 quoque
1227 3142 1274 3189 in
1296 3139 1424 3190 cultu
1440 3139 1623 3190 externo
1636 3139 1803 3205 absque
1827 3139 2000 3188 interno
2023 3137 2142 3208 sunt,
2173 3135 2327 3185 colunt
2343 3150 2423 3183 ex·

2302 3211 2427 3250 terna
