2722 3684
654 168 1520 279 CAPUT⁷DECIMUM
1566 181 2106 289 SEPTIMUM.
2213 199 2215 202 ’
2291 234 2378 299 79

365 344 450 396 bus
483 345 531 394 in
553 333 725 400 Verbo,
762 358 843 407 per
863 342 1276 407 correspondentias
1299 341 1412 392 facta
1433 342 1563 391 sunt:
1599 341 1808 390 Verbum
1843 341 2061 406 scriptum
2101 345 2165 391 est
2204 345 2282 402 ita,
2316 358 2369 392 ut

289 413 292 417 '
361 411 535 476 fingula
555 409 620 456 ibi
643 410 783 473 usque
807 410 865 458 ad
891 410 1183 458 minutiffirna
1207 409 1582 474 correspondeant
1604 409 1693 457 illis
1714 426 1823 475 quae
1855 408 1901 455 in
1933 408 2056 456 coelo
2076 431 2091 464 ·,
2128 411 2232 476 inde
2254 412 2371 460 Ver-

358 479 474 526 bum
498 477 598 524 vim
627 477 847 524 Divinam
870 475 1037 532 habet;
1072 476 1122 524 &
1147 474 1388 541 conjungit
1421 475 1596 526 coelum
1631 492 1740 524 cum
1773 489 1903 532 terra,
1940 492 2045 523 nam
2070 477 2372 541 cumlegitur

292 540 309 551 ⁸
359 542 571 592 Verbum
597 542 643 590 in
666 554 796 600 terra,
833 543 981 606 angeli
1003 544 1084 607 qui
1107 545 1153 590 in
1178 544 1300 620 coelo
1322 556 1568 591 moventur
1587 544 1645 620 ad
1668 542 1888 620 sanctum,
1922 542 2053 606 quod
2077 544 2123 589 in
2147 541 2368 592 sensu‘in—

359 609 1595 737 “³321’63¹⁰sstfiieffitssfift‘fffis‘ssiffiiniiassasissffisug
1609 609 1837 741 §Qum
1863 675 2001 733 nnus,
2036 675 2165 751 quod
2198 659 2368 740 fignifi-

357 755 431 793 cet
452 743 806 791 diminutionem
831 743 1050 806 potentiae
1073 743 1196 807 apud
1220 743 1322 791 illos
1344 745 1426 808 qui
1449 745 1497 791 in
1520 741 1628 793 falso
1651 759 1708 790 ex
1731 744 1929 790 interiori
1954 743 2093 799 malo,
2118 743 2290 791 constat
2312 759 2369 790 ex

358 809 684 875 significatione
708 809 960 866 debilitare,
995 810 1124 874 quod
1159 810 1214 858 fit
1245 810 1495 858 diminutio
1531 811 1788 874 potentiae3
1824 810 1874 857 δι
1898 824 1956 856 ex
1979 810 2369 874 repraesentatione

356 876 576 925 Amaleki
604 877 653 924 ὅτ
677 875 838 941 populi
860 873 974 940 ejus,
1009 876 1139 940 quod
1178 877 1266 925 sint
1303 878 1386 942 qui
1425 879 1473 926 in
1509 875 1619 926 falso
1657 892 1715 925 ex
1754 876 1955 925 interiori
1995 877 2134 934 malo,
2179 876 2237 924 de
2276 892 2367 941 qua

354 944 383 994 s
441 960 486 992 ra
508 960 569 992 n:
597 944 623 990 8
731 980 741 991 .
938 945 941 946 ⁷
1062 978 1067 990 .
1187 985 1193 991 .

373 960 512 1060 υξζὸι
524 1026 567 1074 7.
603 961 758 1058 Αόἕὶε
781 1008 938 1073 gladii,
973 1009 1100 1074 quod
1126 1009 1350 1074 significet
1371 1025 1454 1075 per
1475 1025 1636 1074 verum
1662 1026 1886 1074 pugnans,
1921 1009 2096 1058 constat
2116 1025 2174 1058 ex
2195 1008 2366 1074 signifi·

356 1090 531 1194 02‘3'55
526 1075 727 1192 5¹³2}
735 1092 812 1192 ΡΥ
804 1076 875 1204 id
875 1075 953 1205 {t
974 1091 1194 1192 {35⁰¹}ss
1191 1093 1346 1192 35¹2?
1328 1077 1851 1210 §2120‘3502‘2‘320522232
1874 1081 2025 1205 5532·
2039 1143 2118 1191 hoc
2132 1117 2366 1192 mmm

353 1214 400 1259 in
421 1210 547 1267 libro,
583 1208 639 1259 &
655 1222 765 1272 pone
786 1211 833 1257 in
852 1210 1029 1258 auribus
1050 1211 1267 1274 Joschuae‚
1302 1210 1412 1276 quod
1445 1211 1611 1259 delendo
1646 1211 1783 1260 delebo
1819 1212 2059 1259 memoriam
2084 1211 2277 1259 Amaleki
2315 1211 2366 1258 de

343 1278 430 1342 sub
460 1276 582 1324 caelis.
653 1278 717 1324 Et
750 1275 985 1335 aedificavit
1008 1277 1215 1341 Moscheh
1233 1278 1411 1336 altare,
1445 1278 1502 1328 δέ
1523 1279 1706 1341 vocavit
1727 1293 1871 1326 nomen
1900 1278 1989 1342 ejus
2008 1277 2216 1341 Jehovah
2238 1276 2364 1338 Ntffi.

274 1377 283 1381 ἡ
357 1345 423 1392 Et
444 1343 574 1401 dixit,
609 1345 710 1408 quia
738 1359 891 1391 manus
923 1353 1073 1391 contra
1106 1343 1309 1394 thronum
1330 1345 1446 1409 Jah,
1482 1343 1632 1393 bellum
1653 1343 1839 1409 Jehovae
1859 1347 1906 1392 in
1918 1343 2169 1392 Amalekum
2191 1361 2221 1392 a
2236 1358 2364 1407 gene-

354 1413 521 1459 ratione
537 1412 860 1474 generationem.
930 1409 997 1457 Et
1018 1409 1137 1459 dixit
1158 1409 1367 1472 jehovah
1388 1411 1446 1459 ad
1472 1410 1711 1469 Moschen,
1746 1410 1968 1475 fignificat
1990 1410 2330 1459 instructionem
2350 1430 2363 1459 :

354 1476 493 1526 scribe
514 1477 602 1525 hoc
619 1475 888 1526 memoriale
922 1476 969 1522 in
991 1475 1126 1534 libro,
1161 1477 1383 1541 fignificat
1405 1478 1453 1525 in
1474 1490 1740 1542 perpetuam
1765 1477 2064 1527 memoriam:
2101 1478 2151 1525 δε
2175 1494 2294 1542 pone
2316 1479 2364 1526 in

352 1543 534 1592 auribus
556 1542 787 1605 Joschuae,
821 1541 1045 1607 fignificat
1078 1543 1136 1591 ad
1170 1543 1478 1593 obediendum
1511 1560 1599 1608 pro
1619 1544 1745 1593 Vero
1774 1557 2006 1609 pugnante
2029 1557 2188 1592 contra
2209 1545 2257 1592 id
2279 1543 2364 1593 fal-

353 1610 486 1659 sum:
522 1609 650 1674 quod
674 1608 868 1658 delendo
890 1609 1051 1658 delebo
1076 1612 1345 1659 memoriam
1370 1609 1590 1660 Amaleki
1613 1610 1671 1660 de
1694 1610 1779 1674 sub
1806 1611 1955 1669 coelis,
1990 1609 2214 1675 fignificat
2236 1612 2364 1676 quod

353 1675 516 1726 falsum
552 1675 665 1725 illud
704 1675 884 1741 prorsus
920 1678 1255 1725 removendum
1290 1677 1343 1726 fit
1366 1690 1420 1728 ut
1442 1694 1537 1727 non
1567 1690 1745 1743 pugnet
1783 1678 2007 1742 amplius:
2042 1679 2093 1726 ὅτ,
2116 1677 2367 1727 aedificavit

354 1742 580 1817 Moscheh
616 1742 778 1819 altare,
806 1743 1028 1808 fignificat
1051 1744 1099 1792 in
1122 1743 1325 1793 sanctum
1349 1745 1500 1794 cultus
1518 1744 1571 1793 δε
1594 1745 1831 1794 memoriae
1851 1763 1863 1794 ε
1898 1746 1949 1793 ὅτ
1972 1746 2159 1793 vocavit
2193 1760 2364 1793 nomen

351 1826 455 1946 {²141ssss
471 1809 2366 1945 {1223}ssAE¹¹3³n’215g1222ffir1ffl22mdississngiissmmffiufftffifffflssi„5⁰5¹ssss
2378 1872 2381 1873 f

352 1943 575 2008 fignificat
596 1945 704 2009 quia
724 1944 990 1992 violentiam
1014 1943 1177 1994 inferre
1200 1945 1365 1994 volunt
1384 1948 1557 2009 Regno
1586 1945 1804 2011 spirituali
1826 1946 2022 1994 Domini
2042 1964 2053 1994 ε
2091 1944 2263 1993 bellum
2285 1946 2364 2008 je-

352 2011 490 2059 hovae
521 2010 878 2060 inAmalekum
901 2028 925 2059 a
948 2014 1237 2074 generatione
1259 2014 1614 2077 generationem,
1649 2012 1872 2077 fignificat
1910 2012 2038 2077 quod
2076 2011 2159 2060 sub
2191 2010 2362 2076 jugum

267 2141 269 2143 Ι
353 2077 520 2125 redacti
542 2078 591 2126 ὅτ,
613 2077 671 2125 ad
694 2075 924 2127 infernum
958 2076 1175 2143 conjecti,
1204 2079 1325 2128 unde
1357 2077 1594 2144 exsurgere
1634 2079 1856 2144 nusquam
1894 2079 2076 2144 poffunt
2109 2095 2168 2127 ex
2190 2080 2362 2127 Divina

350 2144 545 2192 Domini
630 2144 780 2193 tentia.

420 2159 666 2278 8619.p{2t
685 2211 804 2260 dixit
819 2211 1027 2274 Jehovah
1050 2213 1106 2261 ad
1124 2212 1367 2272 Moschen,
1383 2214 1531 2278 ,quod
1555 2213 1777 2279 fignificet
1799 2211 2156 2272 instructionem,
2191 2212 2363 2262 constat

348 2293 407 2326 ex
429 2277 754 2342 significatione
775 2278 940 2336 dicere,
975 2280 1103 2343 quod
1143 2280 1349 2329 involvat
1381 2280 1625 2346 sequentia,
1660 2283 1710 2329 ὅτ
1734 2283 1842 2346 quia
1872 2281 1938 2329 ibi
1970 2280 2204 2329 instruitur
2228 2280 2360 2329 Mos·

350 2344 484 2403 cheh,
517 2345 646 2410 quod
669 2343 948 2404 faciendum,
983 2345 1048 2393 est
1070 2346 1305 2396 instructio
1327 2364 1435 2412 quae
1458 2348 1753 2412 significatur.

422 2412 564 2462 8620.
601 2411 756 2460 Scribe
779 2411 868 2460 hoc
889 2414 1152 2462 memoriale
1175 2415 1221 2462 in
1254 2414 1385 2472 libro,
1420 2416 1549 2480 quod
1574 2415 1795 2479 significet
1817 2416 1864 2463 in
1890 2428 2153 2480 perpetuam
2178 2430 2357 2463 memo·

351 2478 482 2536 riam,
517 2478 689 2527 constat
711 2495 768 2527 ex
787 2478 1114 2544 significatione
1138 2482 1430 2540 memorialis,
1464 2483 1594 2546 quod
1616 2482 1670 2530 fit
1693 2482 1821 2546 quod
1844 2481 2244 2538 reminiscendum,
2278 2481 2354 2528 seu

348 2545 476 2609 quod
493 2543 540 2592 in
555 2545 842 2603 memoriam,
860 2546 918 2595 de
933 2562 1023 2611 qua
1046 2563 1099 2596 n:
1119 2549 1262 2597 8066.
1285 2549 1412 2613 8067
1434 2571 1448 2604 ·,
1474 2550 1525 2596 δε
1541 2548 1938 2612 exfignificatione
1955 2547 2141 2596 scribere
2159 2549 2204 2595 in
2218 2548 2351 2606 libro,

347 2611 476 2676 quod
498 2610 552 2659 sit
573 2611 631 2659 ad
655 2612 1034 2662 reminiscendum
1068 2627 1290 2679 perpetuo
1308 2637 1323 2672 3
1366 2615 1454 2662 hoc
1493 2615 1770 2679 significatur
1807 2631 1889 2679 per
1927 2614 2114 2663 scribere
2150 2616 2197 2662 in
2235 2615 2354 2663 libro

346 2678 469 2743 apud
490 2676 686 2736 Esaiam,
723 2683 758 2707 “
780 2679 917 2738 Veni,
940 2681 1083 2744 scribe
1094 2682 1227 2745 super
1248 2682 1439 2731 tabulam
1462 2682 1580 2745 apud
1607 2682 1717 2740 illos,
1752 2682 1802 2730 ὅτ
1817 2684 1949 2746 super
1970 2683 2124 2730 librum
2146 2684 2351 2746 exprime

343 2745 566 2803 illud,-ut
588 2744 647 2793 fit*
663 2746 710 2792 in
731 2745 836 2794 diem
844 2747 1070 2809 posterum,
1104 2750 1151 2796 in
1179 2760 1431 2812 perpetuum
1469 2749 1593 2815 usque
1631 2752 1677 2797 in
1714 2750 1967 2806 aeternum‚’'
1998 2765 2122 2798 xxx:
2151 2754 2207 2798 8:
2244 2749 2350 2812 quia

345 2811 671 2865 reminiscentia
693 2827 775 2877 per
806 2811 992 2861 scribere
1014 2817 1063 2862 in
1084 2814 1204 2864 libro
1225 2816 1520 2880 significatur,
1555 2816 1661 2865 inde
1695 2815 1851 2864 fideles
1888 2817 2107 2864 dicuntur
2130 2818 2176 2863 in
2201 2815 2349 2863 Libro

344 2881 454 2928 vitae
475 2878 660 2943 scripti;
695 2895 802 2926 nam
842 2895 923 2943 per
959 2881 1335 2930 reminiscentiam
1366 2884 1586 2932 Divinam
1627 2883 1904 2946 significatur
1939 2883 2140 2940 salvatio,
2184 2883 2234 2930 &
2266 2898 2348 2946 per
2433 2930 2442 2938 ,

345 2962 438 2995 non
460 2945 837 2994 reminiscentiam
862 2945 936 2994 seu
958 2946 1240 2996 oblivionem
1263 2949 1524 2998 damnatio:
1562 2949 1620 2996 de
1643 2949 1792 2998 Libro
1813 2951 1924 2998 vitae
1948 2951 2009 2998 ita
2031 2950 2153 3013 apud
2176 2950 2345 2997 Danie-

343 3013 457 3069 lem,
492 3018 528 3041 “
554 3014 791 3078 Antiquus
825 3013 1005 3061 dierum
1039 3011 1267 3079 judicium
1292 3015 1510 3073 consedit,
1547 3017 1596 3064 δε
1616 3017 1747 3064 Libri
1769 3019 1910 3080 aperti
1922 3018 2082 3081 sunt,”
2113 3032 2224 3075 vii:
2257 3033 2343 3065 10:

339 3079 465 3145 apud
485 3079 720 3137 Eundem,
756 3085 789 3108 “
814 3079 867 3129 In
890 3092 1097 3145 tempore
1119 3081 1206 3129 hoc
1230 3081 1444 3146 eripietur
1463 3082 1662 3147 populus
1685 3095 1807 3141 tuus,
1843 3087 1972 3132 omnis
1999 3085 2074 3147 qui
2103 3085 2345 3131 invenietur

330 3149 522 3211 scriptus
540 3148 588 3195 in
602 3147 791 3205 Libro,”
813 3163 915 3197 x11:
944 3166 992 3198 1:
1029 3149 1150 3213 apud
1173 3149 1416 3207 Davidem,
1454 3154 1489 3176 ‘⁶
1516 3153 1586 3197 Da
1605 3151 1890 3215 iniquitatem
1909 3149 2039 3213 super
2061 3149 2345 3218 iniquitatem

339 3229 518 3273 eorum,
550 3215 602 3268 &
624 3230 679 3264 ne
700 3216 962 3281 perveniant
985 3215 1041 3264 ad
1056 3214 1279 3281 justitiam
1302 3228 1463 3276 tuam,
1486 3217 1705 3267 deleantur
1726 3235 1747 3267 e
1762 3218 1898 3267 Libro
1919 3219 2132 3278 vitorum,
2169 3218 2218 3265 δε
2239 3232 2351 3285 cum

2209 3280 2343 3346 justi,
