2722 3684
643 138 942 206 CAPUT
965 110 1483 203 “VIGESIMUM
1529 134 2032 199 SECUNDUM.
2230 161 2263 221 3
2279 159 2361 232 55

340 282 432 313 non
493 263 650 329 recipit
673 262 764 316 illa,
798 261 864 306 ita
891 255 1080 304 fallaciae
1115 254 1335 301 i‘nhaerent
1367 254 1415 301 ὅτ
1446 252 1811 316 appropriantur.
1885 254 2027 314 Quod
2053 254 2256 318 jucunda
2277 267 2355 306 ex·

346 346 473 379 terna
507 332 578 378 seu
603 326 773 376 externi
798 323 1001 372 hominis
1026 321 1129 368 talia
1147 319 1247 375 fint,
1284 318 1346 365 est
1366 319 1474 381 quia
1495 319 1568 366 illa
1595 318 1824 367 cohaerent
1859 321 2052 382 mundo,
2088 324 2136 370 δε
2158 335 2346 389 quoque

348 399 614 445 excitantur
637 395 686 440 ὅτ
711 389 836 456 quafi
852 388 1140 437 vivificantur
1163 401 1219 432 ex
1240 384 1330 446 ejus
1347 385 1525 440 calore;
1561 386 1687 431 aliter
1700 383 1900 447 jucunda
1924 398 2002 434 aut
2024 388 2148 434 beata
2174 393 2357 439 interna*
2389 444 2396 446 r

348 463 422 511 seu
443 460 614 513 interni
641 456 856 512 hominis,
895 470 947 502 ea
979 453 1210 500 cohaeren't
1243 451 1381 508 coelo,
1417 452 1464 498 &
1489 467 1676 515 quoque
1694 453 1951 502 excitantur
1975 453 2025 499 ὅτ
2059 454 2348 505 vivificantur

335 544 405 576 ex
430 525 530 590 ejus
548 518 711 580 calore,
747 522 826 586 qui
851 521 913 568 est
933 535 1060 566 amor
1076 534 1099 564 a
1126 518 1350 565 Domino.
1422 517 1535 564 Hoc
1560 516 1788 579 judicium
1827 517 1902 564 seu
1928 517 2025 565 haec
2058 518 2130 566 lex
2154 522 2360 571 traditurv

350 594 411 641 ita
432 594 544 642 alibi
569 591 690 655 apud
712 587 935 648 Moschen
973 593 1007 614 “
1027 583 1128 632 Non
1159 585 1330 646 pignori
1351 586 1528 646 accipies
1559 583 1709 631 molam
1744 594 1823 631 aut
1855 583 2073 642 molarem,
2111 602 2216 634 nam
2253 590 2347 635 ani-

350 674 474 708 mam
518 659 594 704 ille
625 648 790 717 accipit
815 649 1101 715 invpignus”
1138 649 1291 696 Deut:
1315 663 1470 696 xxxv:
1498 650 1558 704 63
1595 666 1672 713 per
1705 650 1879 698 molam
1913 651 2219 713 significantur
2243 654 2345 702 taiia

343 740 453 789 quae
500 724 746 771 inserviunt
769 717 1092 781 comparandae
1110 715 1218 762 fidei
1242 716 1290 763 ὅτ
1314 715 1420 762 dein
1439 715 1665 772 charitati,
1707 732 1734 762 n
1754 734 1764 762 :
1794 719 1941 779 7780,
1979 718 2028 764 &
2048 733 2127 781 per
2144 719 2344 768 animam

347 792 446 838 vita
485 789 588 838 fidei
614 803 672 834 ex
704 786 1011 834 charitatem
1045 796 1196 846 9050,
1232 781 1336 828 inde
1361 793 1484 844 patet
1501 781 1611 845 quid
1637 782 1689 828 fit
1710 782 1892 845 pignori
1918 798 2009 830 non
2025 780 2225 848 accipere
2247 803 2346 838 mo,-

349 857 462 912 lam,
505 871 611 902 nam
630 855 834 901 animam
860 848 1020 911 accipit
1038 849 1081 895 in
1109 848 1299 911 pignus:
1336 847 1461 910 apud
1478 846 1696 894 Eundem
1733 857 1765 877 “
1787 849 1901 896 Non
1919 848 2154 900 inclinabis
2170 850 2242 914 jus
2264 868 2346 916 pe-

353 921 590 985 tegrini&
618 919 829 982 orphani,
866 932 937 964 nec
967 916 1138 976 pignori
1161 914 1337 973 accipies
1371 913 1519 973 vestem
1542 912 1733 960 viduae'’
1771 915 1922 962 Deut:
1948 930 2094 963 xxiv:
2128 931 2204 979 17,
2241 919 2346 982 pig-

353 988 451 1036 nori
474 990 674 1049 accipere
693 983 866 1030 vestem*
883 981 1051 1035 viduae,
1068 979 1130 1027 est
1157 994 1258 1025 vera
1279 991 1382 1041 quae
1407 980 1577 1026 bonum
1603 978 1855 1027 desiderant
1877 980 2051 1028 auferre
2070 998 2348 1049 quocunque

357 1053 535 1107 m0d03
573 1050 702 1108 vestis
722 1048 846 1104 enim
870 1047 934 1094 est
955 1061 1137 1101 verum,
1173 1057 1222 1091 ut
1256 1044 1386 1107 supra
1410 1060 1467 1090 n:
1490 1059 1639 1108 9213,
1679 1047 1726 1092 δε
1761 1046 1898 1092 vidua
1921 1046 1984 1093 est
2007 1064 2116 1112 quae
2141 1049 2186 1095 in
2222 1052 2345 1098 bono

356 1121 406 1167 δε
443 1117 665 1164 defiderat
700 1130 820 1168 vera,
857 1113 929 1160 seu
964 1113 1009 1158 in
1044 1109 1167 1158 sensu
1192 1109 1428 1166 abstracto,
1464 1110 1637 1158 bonum
1663 1111 1914 1159 desiderans
1946 1129 2065 1170 vera,
2103 1130 2160 1160 n:
2194 1121 2344 1179 9198,

360 1200 466 1231 nam
506 1183 538 1231 fi
562 1198 723 1229 verum
743 1179 957 1235 aufertur,
997 1177 1114 1240 perit
1149 1178 1321 1224 bonum
1355 1191 1460 1223 cum
1497 1177 1573 1223 suo
1609 1177 1855 1225 desiderio:
1896 1179 1946 1226 &
1979 1179 2103 1242 apud
2127 1180 2343 1230 Eundem

358 1257 392 1278 “
418 1250 466 1296 Si
497 1262 659 1295 mutuo
685 1246 856 1295 dederis
883 1247 1006 1293 socio*
1027 1256 1109 1290 tuo
1131 1242 1322 1306 aliquid,
1358 1258 1450 1288 non
1471 1241 1658 1290 intrabis
1682 1241 1726 1289 in
1749 1244 1960 1292 Domum
1980 1245 2073 1308 ejus
2093 1245 2145 1293 ad
2166 1247 2346 1310 capien-

356 1316 471 1362 dum
491 1315 674 1378 pignus,
712 1312 820 1359 foris
839 1310 972 1358 stabis
994 1332 1008 1365 3
1046 1308 1114 1355 vir
1131 1321 1282 1355 autem
1306 1307 1379 1355 cui
1403 1319 1449 1354 tu
1476 1320 1640 1355 mutuo
1665 1308 1864 1365 dederas,
1903 1310 2066 1359 educet
2085 1316 2252 1375 pignus
2275 1313 2346 1361 fo-

358 1397 439 1428 ras.
511 1381 560 1426 Si
577 1380 647 1426 vir
665 1394 834 1441 egenus
854 1377 953 1433 ille,
983 1391 1062 1423 non
1081 1373 1251 1421 cubabis
1270 1375 1315 1420 in
1328 1375 1499 1436 pignore
1514 1375 1614 1441 ejus,
1650 1373 1919 1422 restituendo
1937 1377 2134 1425 restitues
2154 1380 2217 1427 illi
2239 1379 2346 1442 pig..

357 1462 442 1494 nus
466 1446 600 1510 juxta
633 1443 816 1493 occidere
829 1441 948 1504 solis,
983 1451 1032 1490 ut
1056 1441 1172 1488 cubet
1202 1442 1248 1486 in
1270 1439 1380 1500 veste
1387 1440 1489 1500 sua,
1527 1444 1573 1487 &
1596 1440 1827 1488 benedicat
1850 1441 1950 1498 tibi,
1988 1443 2040 1489 δε.
2062 1445 2146 1491 erit
2176 1446 2346 1509 justitia

358 1527 515 1560 coram
549 1512 653 1557 Deo
692 1508 823 1557 tuo’'
861 1509 1016 1556 Deut:
1039 1521 1186 1553 xxrv:
1222 1521 1290 1553 ιο.
1319 1523 1391 1554 11.
1426 1520 1498 1553 12.
1531 1521 1624 1568 133
1660 1506 1787 1570 quod
1821 1507 2033 1555 Creditor
2052 1508 2159 1566 foris
2193 1511 2343 1570 staret,

359 1579 410 1625 &
429 1577 697 1624 educeretur
721 1574 777 1622 ad
803 1574 934 1622 illurn
956 1574 1141 1638 pignus,
1166 1571 1388 1632 fignificat
1405 1572 1645 1635 quomodo
1665 1570 1781 1618 veris
1798 1575 2144 1624 communicatis
2154 1577 2236 1624 ses
2230 1594 2346 1640 pon·

356 1643 560 1691 dendum
598 1641 677 1699 est,
714 1657 819 1690 narn
857 1656 937 1704 per
975 1653 1136 1688 mutuo
1175 1638 1283 1685 dare
1316 1636 1595 1698 significatur
1627 1640 1984 1688 communicatio
2008 1641 2139 1699 veri„
2170 1644 2219 1691 δε
2244 1659 2347 1708 per-

362 1709 531 1774 pignus
555 1708 744 1764 sumere,
781 1705 1039 1770 responsum
1061 1725 1075 1759 ·,
1127 1703 1255 1767 quod
1280 1703 1378 1750 haec
1402 1703 1727 1764 significentur,
1782 1721 1923 1752 nemo
1947 1706 2051 1753 scire
2077 1708 2223 1770 potest
2260 1711 2345 1758 nisi

356 1791 418 1822 ex
443 1775 606 1823 talibus
641 1790 748 1838 quae
781 1773 897 1820 fiunt
920 1773 968 1820 in
992 1771 1130 1819 altera
1167 1771 1278 1825 vita,
1316 1770 1379 1817 ita
1418 1770 1498 1817 nisi
1530 1768 1633 1818 stiat
1664 1771 1777 1834 quid
1805 1771 1856 1819 fit
1880 1768 2041 1822 'mtrare
2062 1774 2106 1820 in
2131 1775 2364 1833 domum„

359 1842 409 1890 ὅτ
433 1841 545 1906 quid
569 1841 624 1888 fit
647 1839 756 1888 foris
781 1839 916 1896 stare,
947 1839 999 1887 ὅτ.
1021 1838 1080 1886 fic
1105 1837 1218 1900 quid
1243 1836 1293 1883 fit
1318 1835 1505 1883 educere
1529 1834 1645 1883 foras
1668 1856 1682 1888 ς
1717 1837 1795 1900 qui
1822 1839 1867 1884 in
1893 1837 2030 1885 altera
2054 1841 2150 1887 vita
2175 1840 2345 1891 intrant

359 1907 407 1955 in
431 1908 633 1956 domurn
653 1906 851 1961 alteriUS,
885 1905 935 1953 ὅτ.
963 1904 1006 1952 in
1032 1919 1125 1951 uno
1157 1901 1359 1950 conclavi
1393 1902 1750 1963 colloquuntur;
1805 1903 1869 1951 illi
1905 1903 1966 1952 ita
1999 1906 2346 1955 communicant

359 1973 435 2020 sua
458 1974 660 2034 cogitata
682 1987 796 2020 cum
813 1971 1026 2019 omnibus
1057 1969 1136 2024 ibi,
1172 1982 1224 2016 ut
1247 1967 1423 2032 prorsus
1449 1983 1540 2016 non
1567 1968 1700 2017 sciant
1722 1970 1848 2017 aliter
1870 1984 2010 2032 quam
2035 1973 2163 2036 quod
2189 1973 2270 2037 ipfi
2287 1990 2346 2021 ex

359 2039 402 2086 se
423 2038 750 2104 iilacogitent3·
784 2049 830 2084 at
849 2036 882 2084 fi
899 2035 1007 2084 foris
1031 2035 1164 2091 stant,
1199 2046 1308 2082 tunc
1331 2034 1529 2096 cogitata
1553 2035 1741 2098 quidem
1766 2036 2096 2098 percipiuntur,
2133 2039 2205 2086 sed
2231 2041 2344 2095 ficut

357 2106 417 2152 ab
434 2105 538 2160 alio,
573 2105 624 2152 δι
641 2119 731 2152 non
750 2118 775 2149 a
794 2102 835 2150 se
856 2119 867 2149 :
904 2103 992 2150 hoc
1014 2101 1141 2149 omni
1161 2099 1306 2149 die-fit
1325 2100 1368 2146 in
1388 2101 1525 2147 altera
1544 2102 1634 2149 vita
1656 2122 1671 2155 ;
1698 2117 1832 2165 quare
1851 2102 1927 2164 qui
1946 2104 2003 2150 ab
2021 2119 2108 2152 una
2126 2104 2364 2168 opinione*

360 2171 436 2218 seu
461 2172 516 2216 ab
541 2185 626 2218 una
653 2169 867 2216 sententia
903 2168 1022 2225 sunt,
1058 2179 1278 2231 apparent
1313 2165 1443 2214 simul
1468 2168 1513 2214 in
1539 2183 1633 2216 una
1666 2168 1827 2223 domo,
1863 2170 1912 2216 δε
1947 2171 2095 2231 magis
2119 2171 2157 2218 s1.
2178 2170 2221 2218 in
2248 2188 2364 2220 unov

359 2236 563 2293 conclavi
590 2236 757 2284 domus
779 2255 794 2290 ;
829 2236 877 2284 ὅτ
895 2249 1000 2282 cum
1021 2234 1168 2281 iidem.
1182 2233 1462 2288 dissentiunt,
1501 2246 1608 2280 tunc
1631 2233 1911 2298 disparantur
1928 2236 1984 2282 ab
2001 2237 2142 2284 oculis
2160 2253 2341 2294 eorum,
2358 2284 2362 2288 ,

361 2302 629 2350 diffentiunt
647 2318 664 2348 ι·
695 2303 802 2349 tales
826 2300 1104 2365 apparentia²
1138 2299 1237 2346 sunt
1262 2299 1408 2346 ubivis
1443 2298 1680 2363 &jugiter
1706 2301 1748 2346 in
1777 2300 1910 2347 aliera
1936 2301 2069 2356 vita3
2109 2303 2235 2350 causa
2261 2303 2363 2359 est„

361 2369 469 2433 quia
505 2370 668 2430 paritas
697 2366 1034 2430 cogitationum.
1060 2364 1314 2427 conjungit,
1350 2367 1399 2413 δε
1418 2365 1700 2427 praesentiam
1728 2366 1851 2420 (istit,
1887 2367 2105 2429 cogitatio
2130 2371 2251 2415 enim
2277 2369 2359 2417 est.-

365 2432 719 2489 visus'internuffi
756 2436 810 2480 δε,
829 2432 1054 2481 distantiae
1078 2431 1363 2478 locorumibi
1388 2447 1478 2478 non
1499 2431 1598 2478 sunt
1618 2432 1726 2479 ficut
1749 2435 1794 2478 in
1821 2435 1997 2478 mundo
2018 2450 2028 2479 :
2065 2433 2178 2481 Inde
2202 2448 2363 2495 patet„

363 2499 476 2562 quid
500 2499 553 2547 fit
577 2514 668 2546 non
691 2501 854 2546 intrare
879 2498 923 2545 in
950 2498 1164 2559 domum,
1201 2497 1273 2544 sed
1299 2496 1405 2545 foris
1422 2497 1532 2543 stare
1549 2499 1597 2545 δε
1619 2495 1789 2544 sumere
1816 2494 1995 2560 pignus,
2030 2499 2157 2563 quod
2177 2517 2345 2565 nempe

360 2566 428 2620 fit,
449 2580 537 2612 non
563 2564 840 2625 obstringere
865 2578 940 2611 aut
960 2565 1193 2625 incendere
1218 2564 1406 2610 alterum
1427 2563 1479 2608 ad
1501 2564 1809 2610 confirmanda
1836 2563 1908 2610 sua
1933 2579 2052 2620 vera,
2090 2565 2161 2612 sed
2189 2566 2345 2615 audire

359 2632 583 2694 &capere
602 2628 821 2693 responsa,
838 2630 984 2694 qualia
1007 2629 1110 2677 sunt
1132 2628 1189 2676 in
1204 2628 1332 2692 ipso;
1370 2644 1475 2676 nam
1498 2628 1577 2693 qui
1604 2629 1844 2692 obstringit
1860 2630 1908 2677 δε
1928 2631 2127 2679 incendit
2150 2631 2360 2681 alterum:

362 2697 418 2744 ad
444 2696 754 2743 confirmanda
779 2694 852 2743 sua
876 2712 1001 2752 vera,
1045 2696 1086 2742 isv
1106 2694 1207 2747 facit
1232 2709 1282 2742 ut
1305 2696 1416 2742 alter
1440 2711 1526 2741 non
1553 2698 1727 2758 cogitet
1749 2709 1827 2742 aut
1851 2695 2063 2760 loquatur
2084 2714 2141 2745 ex
2167 2701 2223 2755 se,
2264 2701 2344 2746 sed

360 2777 417 2812 ex
442 2761 560 2814 i110;.
588 2762 637 2808 &
657 2777 763 2809 cum
788 2761 889 2825 quis
913 2778 970 2808 ex
993 2762 1082 2808 alio
1106 2763 1281 2823 cogitat
1302 2763 1350 2806 &
1375 2761 1594 2824 loquitur,
1631 2761 1934 2810 disturbantur
1959 2778 2063 2810 vera
2088 2781 2194 2828 quae
2218 2765 2357 2829 apud„

363 2828 511 2884 illurn,
548 2829 594 2874 δι
623 2839 772 2874 tamen
806 2843 898 2875 non
929 2827 1221 2881 emendatur,
1261 2828 1342 2875 nisi
1366 2828 1416 2873 sit
1435 2828 1553 2890 apud
1581 2829 1714 2876 talem
1729 2827 1998 2891 .qui;adhuc
2035 2830 2211 2892 ignorat
2250 2831 2337 2879 illa.

361 2893 447 2948 Εκ,
464 2894 532 2941 his
558 2891 723 2954 iterum
751 2893 912 2956 liquet,
947 2894 1072 2955 quod
1096 2893 1148 2940 in.
1165 2893 1348 2956 singulis
1374 2893 1514 2941 Verbi
1539 2895 1638 2950 fint,
1674 2891 1785 2957 quae'
1803 2894 2157 2958 correspondent
2178 2897 2341 2949 talibus
2365 2938 2370 2943 ,

362 2959 543 3024 quaein
571 2959 747 3006 mundo
771 2958 991 3021 spirituali
1017 2959 1129 3006 sunt.
1439 2999 1443 3002 .
1710 2956 1718 2958 ξ

283 3079 288 3085 .
430 3041 575 3089 9214„
616 3026 737 3089 Qia
774 3026 850 3073 illa
884 3036 1204 3088 tegumentum
1243 3023 1336 3088 ejus
1371 3023 1534 3081 solum,
1570 3026 1694 3089 quod
1731 3026 2366 3091 fignificetrquia„sensualias

361 3090 648 3147 'mterioribus
671 3091 888 3163 substrata
913 3091 1029 3150 sunt,
1054 3091 1226 3162 constat
1250 3108 1306 3160 ex
1331 3091 1653 3163 significatione
1673 3091 1928 3158 tegumenti
1950 3094 2028 3144 seu
2047 3094 2193 3154 vesti3‚
2217 3098 2363 3161 quod-⁴

2296 3163 2351 3213 ἃς
