2722 3684
342 189 473 274 184
737 185 843 267 ,E
970 175 1857 262 XODUS.

338 311 482 376 patria
505 308 717 373 omnibus
740 310 827 360 illis
851 312 936 377 qui
958 311 1021 360 ibi
1046 310 1163 370 sunt,
1197 314 1248 361 δε
1283 312 1426 378 patria
1448 310 1511 360 est
1549 324 1691 360 mater
1725 310 1772 358 in
1813 307 1939 357 sensu
1972 310 2176 370 naturali,
2212 306 2321 366 ficut

277 435 284 439 ,
346 376 604 426 Ecclefiain
626 377 866 441 spirituali.
944 397 947 399 ·

412 446 557 507 8901.
594 443 712 491 Vers
728 461 738 491 ε
771 460 845 506 13.
913 442 1015 492 Non
1056 443 1228 498 occides,
1250 441 1468 508 fignificat
1505 458 1586 493 non
1623 444 1764 491 vitam
1799 444 2206 506 spiritualem'alicui
2229 447 2322 497 adi-

347 524 473 565 mere,
524 519 616 558 tum
648 526 730 558 non
763 509 893 570 fidem
929 509 986 558 {9⁹
1017 510 1271 557 charitatem
1307 510 1598 572 exstinguam
1649 519 1706 578 ut⁴
1731 508 1787 577 δέ
1807 531 1810 534 ’
1832 513 2070 575 proximum
2118 529 2199 562 non
2231 515 2320 563 odio

348 575 522 623 habere.
1363 588 1370 599 ¹

413 646 556 704 8902.
595 642 708 689 Non
732 641 927 695 occides,
961 640 1089 704 quod
1105 641 1326 704 significet
1350 657 1442 688 non
1467 640 1612 689 vitam
1637 641 1913 705 spiritualem
1944 644 2079 692 alicui
2102 645 2321 703 adimere,

341 719 445 756 turn
471 724 559 754 non
586 708 729 754 fidem
753 708 803 754 &
822 708 1089 755 charitatem
1113 709 1416 770 exstinguere,
1453 721 1503 756 ut
1527 709 1577 756 &
1601 708 1867 771 proximum
1892 725 1983 756 non
2007 711 2118 758 odio
2144 714 2324 770 habere,

340 773 515 821 constat
538 788 597 820 ex
622 772 949 835 significatione
966 776 1186 830 occidere,
1221 775 1345 838 quod
1370 775 1424 822 sit
1448 776 1624 837 privare
1649 776 1743 820 vita
1767 774 1981 837 spirituali
2003 796 2017 830 ;
2051 780 2179 839 quod
2203 780 2324 825 occi·

343 840 450 885 dere
477 840 521 885 in
540 837 667 885 sensu
693 840 872 886 interno
896 839 942 885 id
969 840 1036 897 fit,
1070 841 1134 888 est
1150 842 1257 903 quia
1276 840 1320 887 in
1348 840 1427 888 illo
1453 840 1577 888 sensu
1613 841 1669 887 de
1705 840 1800 887 vita
1820 840 2034 903 spirituali
2054 842 2126 888 seu
2150 844 2207 890 de
2230 846 2325 891 vita

342 905 440 951 caeli
457 905 580 967 apud
600 905 834 953 hominem
853 907 1023 966 agitur:
1059 908 1109 954 δε
1124 909 1233 970 quia
1247 909 1339 955 vita
1355 905 1593 971 spiritualis
1610 908 1681 954 seu
1699 907 1793 958 vita
1804 907 1914 954 coeli
1933 907 2058 970 apud
2079 907 2323 956 hominem

340 970 404 1017 est
431 971 520 1018 vita
538 971 641 1018 fidei
670 972 719 1019 &
741 972 981 1029 charitatis,
1019 972 1188 1020 idcirco
1208 989 1287 1037 per
1312 989 1402 1020 non
1427 974 1629 1020 occidere
1652 974 1789 1020 etiam
1827 973 2101 1036 significatur
2137 992 2227 1022 non
2266 976 2326 1024 fi·

341 1036 450 1085 dem
477 1038 526 1085 ὅτ
550 1036 811 1086 charitatem
849 1039 974 1100 apud
998 1038 1197 1101 aliquem
1230 1038 1530 1103 exstinguere.
1601 1040 1742 1099 Quod
1770 1055 1860 1086 non
1884 1040 2087 1087 occidere
2111 1042 2249 1089 etiam
2275 1035 2353 1089 in*

341 1102 466 1152 sensu
483 1107 661 1150 interno
686 1104 849 1152 sitnon
874 1104 984 1151 odio
1009 1105 1171 1156 habere
1195 1106 1479 1169 proximum,
1516 1104 1579 1152 est
1601 1107 1708 1170 quia
1731 1106 1767 1152 is
1786 1105 1867 1168 qui
1892 1107 2004 1153 odio
2027 1107 2180 1163 habet,
2214 1124 2324 1154 con·

331 1170 468 1216 tinne
485 1170 587 1216 vult
606 1170 828 1226 occidere,
865 1171 914 1218 δε
931 1186 1117 1234 quoque
1140 1175 1245 1219 aEtu
1265 1173 1504 1227 occideret,
1542 1172 1621 1218 nisi
1646 1171 1839 1218 obstaret
1863 1171 2005 1219 tinzor
2030 1189 2195 1236 paenae,
2233 1172 2323 1235 jac-

332 1247 457 1283 -turae
482 1235 614 1292 vitae,
645 1235 797 1293 famae,
836 1237 886 1283 &
910 1238 993 1286 alia
1019 1236 1178 1284 similia
1198 1258 1214 1291 ·,
1251 1237 1414 1284 odium
1437 1238 1561 1284 enirn
1580 1236 1643 1284 est
1661 1239 1718 1284 eit
1737 1238 1875 1293 male,
1911 1241 2181 1286 contrarium
2202 1239 2324 1288 Cha-

341 1301 479 1356 ritati,
516 1318 596 1349 nec
622 1301 754 1364 spirat
778 1304 859 1350 nifi
898 1318 1054 1351 necem
1081 1301 1173 1366 ejus
1197 1318 1339 1367 quem
1366 1303 1478 1350 odio
1501 1302 1654 1358 habet,
1688 1304 1735 1348 in
1761 1303 1940 1350 mundo
1966 1320 2120 1351 necem
2153 1322 2321 1369 corpo-

337 1367 396 1413 ris
421 1367 531 1431 ejuS‚
571 1367 614 1415 in
632 1368 769 1415 altera
795 1368 887 1414 vita
913 1384 1070 1415 necem
1087 1369 1253 1416 animae
1274 1386 1286 1415 :-
1326 1369 1415 1416 hoc
1440 1368 1709 1430 intelligitur
1733 1384 1811 1431 per
1833 1367 2028 1416 Domini
2049 1371 2183 1417 verba
2201 1373 2319 1434 apud

340 1432 623 1482 Matthaeum
664 1442 696 1463 “
718 1434 974 1481 Audivistis
996 1435 1121 1497 quod
1150 1436 1378 1483 veteribus
1412 1436 1591 1483 dietum
1619 1436 1688 1491 fit,
1725 1451 1805 1482 non
1825 1434 1996 1491 occides,
2034 1436 2214 1500 quisquis
2243 1454 2324 1486 au-

337 1508 421 1545 tem
459 1498 671 1562 deciderit,
709 1500 936 1548 obnoxius
971 1502 1056 1547 erit
1088 1499 1297 1565 judicio:
1347 1501 1455 1564 Ego
1490 1517 1600 1547 vero
1638 1501 1743 1548 dico
1785 1500 1932 1555 vobis,
1976 1513 2104 1566 quod
2143 1504 2325 1567 quisqms

335 1566 538 1627 irascitur
547 1568 696 1628 fratri
705 1569 786 1628 suo
807 1575 976 1623 temere,
1017 1567 1242 1615 obnoxius
1267 1568 1350 1614 erit
1363 1566 1543 1630 judicio
1565 1588 1579 1622 3
1613 1571 1868 1630 quicunque
1893 1583 2001 1614 vero
2024 1569 2192 1615 dixerit
2215 1577 2305 1618 tra-
2358 1628 2361 1632 Ι

339 1631 396 1678 tri
422 1631 502 1678 suo
542 1631 664 1688 raka,
699 1633 927 1680 obnoxius
965 1634 1049 1680 erit
1089 1633 1312 1696 synedrio,
1349 1635 1607 1698 quicunque
1630 1646 1784 1680 autem
1809 1635 1975 1680 dixerit
2011 1634 2186 1690 stultus,
2220 1637 2309 1684 ob·

333 1696 500 1744 noxius
524 1699 606 1745 erit
631 1697 856 1759 gehennae
880 1700 1000 1761 ignis
1020 1698 1053 1717 '’
1090 1716 1151 1748 v:
1182 1715 1259 1748 21.
1287 1716 1367 1763 22.
1393 1697 1495 1763 seq:
1533 1701 1693 1746 odium
1716 1711 1871 1745 contra
1897 1697 2163 1762 proximum
2189 1701 2322 1751 intel-

333 1761 492 1824 ligitur
517 1780 595 1825 per
612 1764 729 1811 irasci
757 1777 927 1811 temere
947 1763 1066 1812 fratri
1090 1765 1188 1822 fu0,
1233 1767 1284 1814 δε
1327 1765 1419 1826 ejus
1462 1766 1761 1813 increscentiae
1801 1766 1967 1828 gradus
2009 1770 2323 1818 describuntur

334 1844 415 1891 per
437 1828 586 1877 dicere
606 1825 648 1876 ‘ei
675 1829 796 1885 raka,
832 1831 883 1879 &
908 1847 1067 1880 vocare
1090 1833 1225 1879 illum
1245 1834 1431 1880 stultum
1454 1852 1468 1886 ς
1503 1834 1630 1896 quod
1656 1834 1717 1878 ira
1743 1833 1795 1881 fit
1827 1833 1995 1879 aversio
2028 1849 2053 1878 a
2077 1835 2311 1894 charitate,

333 1895 385 1942 δε
409 1911 464 1942 ex
484 1897 624 1951 ma10,
664 1896 723 1944 ita
745 1897 927 1954 odium,
962 1898 1172 1946 videatur
1196 1915 1222 1945 n
1247 1916 1257 1944 ε
1286 1914 1396 1962 357.
1419 1900 1564 1958 4164.
1616 1914 1764 1961 5034,
1806 1902 1953 1961 5798.
1988 1903 2131 1963 5887.
2171 1905 2318 1961 2888.

334 1961 476 2023 Qod
502 1962 703 2009 occidere
729 1963 772 2008 in
800 1963 922 2012 sensu
946 1965 1122 2012 interno
1153 1965 1207 2012 fit
1232 1964 1374 2012 vitam
1409 1964 1683 2029 spiritualem
1707 1966 1839 2012 alicui
1863 1967 2083 2022 adimere,
2126 1965 2321 2029 proinde

332 2027 475 2075 fidem
500 2029 547 2075 &
572 2031 836 2077 charitatem
860 2029 1163 2091 exstinguere,
1198 2032 1373 2080 constat
1395 2047 1453 2078 ex
1491 2031 1600 2078 locis
1637 2047 1769 2094 paene
1807 2032 2024 2079 omnibus
2062 2034 2105 2078 in
2135 2032 2306 2091 Verbo,

332 2093 414 2140 ubi
458 2095 622 2142 occisio
661 2109 939 2143 memoratur
984 2097 1055 2143 seu
1089 2098 1291 2145 occidere
1335 2098 1515 2153 dicitur,
1569 2111 1706 2160 prout
1741 2097 1861 2161 apud
1897 2097 2077 2145 Esaiam
2145 2107 2179 2128 “
2198 2098 2321 2148 Ecce

330 2159 643 2219 diestehovae
667 2162 794 2208 venit
817 2161 1075 2210 crudelis&
1100 2162 1450 2224 indignationis,
1496 2164 1545 2210 ὅτ
1587 2163 1965 2218 excandescentiae
2005 2165 2056 2212 &
2090 2165 2206 2219 irae;
2257 2166 2316 2212 ad

330 2226 597 2289 ponendum
617 2240 777 2274 terram
804 2228 847 2274 in
868 2228 1142 2285 vastitatem,
1176 2231 1227 2277 δε
1253 2241 1501 2292 peccatores
1536 2227 1631 2291 ejus
1655 2229 1813 2292 perdat
1836 2246 1893 2276 ex
1917 2245 1968 2277 ea
1988 2247 1999 2276 ε
2038 2243 2148 2277 tunc
2172 2230 2314 2279 stellae
2338 2290 2341 2293 X

330 2291 556 2340 coelorum
579 2294 630 2340 δε
649 2293 787 2341 sidera
810 2294 990 2341 illorum
1025 2311 1116 2349 non
1143 2293 1359 2343 lucebunt
1391 2295 1493 2342 luce
1516 2294 1609 2351 sua,
1648 2295 2017 2342 obtenebrabitur
2054 2295 2118 2342 sol
2141 2296 2184 2343 in
2203 2306 2316 2345 'ortu
2369 2348 2380 2360 ,

330 2358 425 2414 suo,
460 2359 507 2406 &
535 2360 637 2406 luna
663 2376 752 2407 non
779 2360 1004 2422 splendere
1025 2361 1155 2408 faciet
1172 2360 1321 2408 lucem
1343 2359 1466 2408 suam
1489 2377 1500 2406 :
1529 2360 1716 2409 visitabo
1735 2360 1865 2426 super
1887 2362 2045 2409 orbem
2071 2362 2312 2420 malitiam,

330 2425 381 2472 &
406 2425 619 2472 lunanon
643 2425 867 2489 splendere
893 2426 1026 2473 saciet
1045 2427 1193 2474 lucem
1213 2428 1372 2475 suam:
1409 2427 1597 2474 visitabo
1618 2426 1750 2491 super
1784 2429 1943 2474 orbem
1981 2426 2220 2484 malitiam,
2256 2430 2310 2478 δε

332 2489 468 2552 super
489 2491 656 2553 impios
679 2493 965 2556 iniquitatem
984 2491 1204 2540 illorum:
1242 2509 1394 2541 rarum
1427 2493 1614 2540 reddam
1647 2493 1883 2540 hominem
1910 2509 2007 2556 prae
2042 2509 2152 2541 auro
2176 2510 2311 2557 puro,

330 2555 381 2603 ὅτ
405 2556 555 2604 filium
570 2556 777 2616 „hominis
801 2573 899 2621 prae
916 2574 1023 2606 auro
1041 2559 1232 2621 Ophiris
1256 2577 1266 2606 ε
1290 2561 1426 2607 oinnis
1443 2562 1645 2608 inventus
1662 2559 1934 2622 confodietur,
1974 2561 2189 2607 &omnis
2204 2577 2315 2609 con·-

329 2635 544 2684 gregatus
566 2623 685 2670 cadet
699 2624 844 2685 gladio
867 2646 880 2679 ;
915 2624 1105 2672 infantes
1131 2625 1311 2673 illorum
1348 2625 1593 2674 allidentur
1634 2626 1679 2672 in
1718 2626 1860 2672 oculis
1886 2626 2069 2673 illorum
2094 2645 2111 2680 3
2153 2626 2320 2689 spolia&

331 2689 501 2735 buntur
519 2687 682 2736 domus
707 2690 904 2746 illorum,
941 2692 990 2738 ὅτ
1034 2707 1193 2739 uxores
1233 2692 1417 2739 illorum
1458 2692 1814 2756 stuprabuntur·,
1848 2687 1976 2739 arcui
1996 2691 2186 2755 juvines
2213 2693 2314 2741 alli-

326 2752 439 2810 dent,
475 2754 579 2801 filiis
601 2771 691 2802 non
718 2769 867 2818 parcet
890 2756 1045 2804 oculus
1058 2756 1096 2777 ‘³'
1145 2773 1247 2804 xn1
1269 2774 1279 2804 :
1303 2774 1333 2821 9
1360 2757 1466 2822 seqq
1488 2778 1503 2812 ;
1537 2759 1687 2821 agitur
1712 2758 1785 2805 hic
1816 2757 1874 2803 de
1900 2760 2312 2820 ultimo-tempore

328 2819 562 2876 Ecclefiae‚
596 2822 784 2884 quando
802 2823 925 2869 nulla
942 2816 1141 2885 amplius
1160 2823 1274 2871 fides
1293 2825 1343 2870 ὅτ
1368 2824 1571 2879 charitas,
1587 2873 1589 2875 .
1607 2825 1729 2885 quod
1758 2838 1943 2887 tempus
1961 2823 2027 2877 est,
2048 2823 2146 2869 dies
2167 2825 2311 2885 Jeho-

323 2900 398 2933 vae
417 2886 620 2942 crudeliS,
659 2888 815 2949 plenus
838 2889 1184 2950 indignationis,
1202 2888 1589 2938 excandescentiae
1611 2890 1662 2937 ὅτ
1686 2891 1764 2937 irae
1785 2913 1799 2945 3
1831 2890 2026 2952 quisque
2049 2887 2203 2935 videre
2226 2905 2310 2952 po-

323 2952 423 3008 test,
459 2953 581 3016 quod
601 2952 855 3018 aliudquid
892 2954 964 3015 hie
990 2955 1285 3017 intelligatur,
1319 2973 1464 3021 quam
1488 2957 1612 3021 quod
1653 2957 1771 3004 nude
1810 2955 1984 3003 dictant
2022 2953 2159 3000 verba
2181 2974 2198 3008 ὅ
2237 2954 2313 3003 sed

322 3019 449 3081 quod
474 3018 760 3082 intelligitur,
798 3037 887 3067 non
908 3020 1003 3068 scir‘i
1031 3022 1177 3085 potest
1199 3039 1339 3086 quarn
1375 3039 1435 3070 ex
1460 3021 1769 3083 significativis
1793 3035 1961 3069 vocum
1986 3021 2034 3066 in
2062 3018 2189 3067 sensu
2225 3022 2312 3085 spi·

321 3083 486 3140 rituali,
522 3086 568 3131 in
586 3101 683 3149 quo
708 3086 833 3135 sensu
856 3087 979 3149 quod
1007 3099 1118 3135 terra
1156 3088 1206 3135 sit
1240 3087 1460 3144 Ecclesia,
1499 3088 1708 3136 videatur
1748 3105 1808 3135 n:
1850 3085 1963 3148 5e6.
2003 3083 2117 3134 662.
2173 3089 2310 3149 1067.

326 3152 467 3200 1262.
500 3168 643 3216 1413.
670 3154 982 3217 1607·1733·
1015 3157 1153 3217 1850.
1175 3170 1318 3220 2117.
1349 3157 1479 3219 2918
1508 3153 1608 3204 fin:
1636 3158 1957 3217 2228.-31552
1979 3158 2306 3216 4447.‘4535.

427 3259 430 3262 >
1282 3250 1285 3253 ⁴
2155 3235 2245 3285 557
2259 3234 2307 3285 7·
