<?xml version="1.0" encoding="UTF-8"?>
<!DOCTYPE html PUBLIC "-//W3C//DTD XHTML 1.0 Transitional//EN"
    "http://www.w3.org/TR/xhtml1/DTD/xhtml1-transitional.dtd">
<html xmlns="http://www.w3.org/1999/xhtml" xml:lang="en" lang="en">
 <head>
  <title>
</title>
<meta http-equiv="Content-Type" content="text/html;charset=utf-8" />
  <meta name='ocr-system' content='tesseract 3.04.00' />
  <meta name='ocr-capabilities' content='ocr_page ocr_carea ocr_par ocr_line ocrx_word'/>
</head>
<body>
  <div class='ocr_page' id='page_1' title='image "arcanacaelestiaq07sweduoft_0204.png"; bbox 0 0 2722 3684; ppageno 0'>
   <div class='ocr_carea' id='block_1_1' title="bbox 0 0 1069 40">
    <p class='ocr_par' dir='ltr' id='par_1_1' title="bbox 0 0 1069 40">
     <span class='ocr_line' id='line_1_1' title="bbox 0 0 1069 40; baseline 0 3644"><span class='ocrx_word' id='word_1_1' title='bbox 0 0 1069 40; x_wconf 95' lang='lat' dir='ltr'><strong> </strong></span> 
     </span>
    </p>
   </div>
   <div class='ocr_carea' id='block_1_2' title="bbox 317 318 2353 1185">
    <p class='ocr_par' dir='ltr' id='par_1_2' title="bbox 317 318 2353 1185">
     <span class='ocr_line' id='line_1_2' title="bbox 352 318 2343 390; baseline -0.001 -18"><span class='ocrx_word' id='word_1_2' title='bbox 352 329 356 333; x_wconf 76' lang='grc'><em>’</em></span> <span class='ocrx_word' id='word_1_3' title='bbox 436 326 585 388; x_wconf 82' lang='lat'>8913.</span> <span class='ocrx_word' id='word_1_4' title='bbox 619 321 763 373; x_wconf 85' lang='lat' dir='ltr'><strong>Vers:</strong></span> <span class='ocrx_word' id='word_1_5' title='bbox 794 342 870 387; x_wconf 29' lang='lat'><strong>15..</strong></span> <span class='ocrx_word' id='word_1_6' title='bbox 903 323 976 376; x_wconf 83' lang='lat'><strong>16.</strong></span> <span class='ocrx_word' id='word_1_7' title='bbox 1002 344 1027 375; x_wconf 85' lang='lat'><strong>-1</strong></span> <span class='ocrx_word' id='word_1_8' title='bbox 1041 340 1084 390; x_wconf 89' lang='lat'><strong>7.</strong></span> <span class='ocrx_word' id='word_1_9' title='bbox 1155 325 1239 372; x_wconf 85' lang='lat' dir='ltr'><strong>Et.</strong></span> <span class='ocrx_word' id='word_1_10' title='bbox 1261 324 1395 373; x_wconf 84' lang='lat' dir='ltr'><strong>omnis</strong></span> <span class='ocrx_word' id='word_1_11' title='bbox 1422 321 1606 386; x_wconf 79' lang='lat' dir='ltr'><strong>populus</strong></span> <span class='ocrx_word' id='word_1_12' title='bbox 1642 318 1834 372; x_wconf 83' lang='lat' dir='ltr'><strong>videntes</strong></span> <span class='ocrx_word' id='word_1_13' title='bbox 1869 336 1991 370; x_wconf 85' lang='lat' dir='ltr'><strong>voces</strong></span> <span class='ocrx_word' id='word_1_14' title='bbox 2023 319 2083 372; x_wconf 58' lang='grc' dir='ltr'><strong>δέ</strong></span> <span class='ocrx_word' id='word_1_15' title='bbox 2104 320 2249 385; x_wconf 82' lang='lat' dir='ltr'><strong>faces,</strong></span> <span class='ocrx_word' id='word_1_16' title='bbox 2285 318 2343 370; x_wconf 55' lang='grc' dir='ltr'><strong>(θ’</strong></span> 
     </span>
     <span class='ocr_line' id='line_1_3' title="bbox 371 385 2346 455; baseline -0.001 -18"><span class='ocrx_word' id='word_1_17' title='bbox 371 405 513 439; x_wconf 82' lang='lat' dir='ltr'><strong>vocem</strong></span> <span class='ocrx_word' id='word_1_18' title='bbox 546 390 748 448; x_wconf 80' lang='lat' dir='ltr'><strong>·buccinae‚</strong></span> <span class='ocrx_word' id='word_1_19' title='bbox 784 392 840 442; x_wconf 57' lang='grc' dir='ltr'><strong>δέ</strong></span> <span class='ocrx_word' id='word_1_20' title='bbox 864 402 1038 441; x_wconf 84' lang='lat' dir='ltr'><strong>montem</strong></span> <span class='ocrx_word' id='word_1_21' title='bbox 1065 391 1348 455; x_wconf 77' lang='lat' dir='ltr'><strong>fumantem3</strong></span> <span class='ocrx_word' id='word_1_22' title='bbox 1383 389 1439 439; x_wconf 57' lang='grc' dir='ltr'><strong>ΕΞ</strong></span> <span class='ocrx_word' id='word_1_23' title='bbox 1463 389 1579 437; x_wconf 87' lang='lat' dir='ltr'><strong>vidit</strong></span> <span class='ocrx_word' id='word_1_24' title='bbox 1605 390 1803 452; x_wconf 87' lang='lat' dir='ltr'><strong>populus,</strong></span> <span class='ocrx_word' id='word_1_25' title='bbox 1838 388 1894 439; x_wconf 82' lang='lat'><em>&amp;</em></span> <span class='ocrx_word' id='word_1_26' title='bbox 1916 391 2104 437; x_wconf 84' lang='lat' dir='ltr'><strong>commoti</strong></span> <span class='ocrx_word' id='word_1_27' title='bbox 2131 389 2269 450; x_wconf 58' lang='lat' dir='ltr'><strong>fimts</strong></span> <span class='ocrx_word' id='word_1_28' title='bbox 2287 385 2346 436; x_wconf 64' lang='grc' dir='ltr'><strong>ὅ*</strong></span> 
     </span>
     <span class='ocr_line' id='line_1_4' title="bbox 361 454 2348 522; baseline -0.002 -18"><span class='ocrx_word' id='word_1_29' title='bbox 361 456 574 517; x_wconf 82' lang='lat' dir='ltr'><strong>steterunt</strong></span> <span class='ocrx_word' id='word_1_30' title='bbox 597 474 617 504; x_wconf 83' lang='lat' dir='ltr'><strong>e</strong></span> <span class='ocrx_word' id='word_1_31' title='bbox 641 458 872 522; x_wconf 82' lang='lat' dir='ltr'><strong>longinquo.</strong></span> <span class='ocrx_word' id='word_1_32' title='bbox 941 460 1004 507; x_wconf 84' lang='lat' dir='ltr'><strong>Et</strong></span> <span class='ocrx_word' id='word_1_33' title='bbox 1025 456 1225 505; x_wconf 82' lang='lat' dir='ltr'><strong>dixerunt</strong></span> <span class='ocrx_word' id='word_1_34' title='bbox 1247 457 1308 504; x_wconf 85' lang='lat' dir='ltr'><strong>ad</strong></span> <span class='ocrx_word' id='word_1_35' title='bbox 1326 455 1542 518; x_wconf 84' lang='lat' dir='ltr'><strong>Moschen,</strong></span> <span class='ocrx_word' id='word_1_36' title='bbox 1595 456 1762 520; x_wconf 82' lang='lat' dir='ltr'><strong>loquere</strong></span> <span class='ocrx_word' id='word_1_37' title='bbox 1798 465 1847 504; x_wconf 86' lang='lat' dir='ltr'><strong>tu</strong></span> <span class='ocrx_word' id='word_1_38' title='bbox 1886 471 1979 503; x_wconf 89' lang='lat' dir='ltr'><strong>cum</strong></span> <span class='ocrx_word' id='word_1_39' title='bbox 2022 456 2151 511; x_wconf 86' lang='lat' dir='ltr'><strong>nobis,</strong></span> <span class='ocrx_word' id='word_1_40' title='bbox 2188 454 2246 503; x_wconf 56' lang='grc' dir='ltr'>Β</span> <span class='ocrx_word' id='word_1_41' title='bbox 2267 468 2348 500; x_wconf 87' lang='lat' dir='ltr'><strong>au-</strong></span> 
     </span>
     <span class='ocr_line' id='line_1_5' title="bbox 374 519 2349 589; baseline -0.002 -19"><span class='ocrx_word' id='word_1_42' title='bbox 374 522 547 580; x_wconf 81' lang='lat' dir='ltr'><strong>diemus,</strong></span> <span class='ocrx_word' id='word_1_43' title='bbox 583 523 639 574; x_wconf 53' lang='grc' dir='ltr'><strong>ὅ)</strong></span> <span class='ocrx_word' id='word_1_44' title='bbox 661 539 711 572; x_wconf 87' lang='lat' dir='ltr'><strong>ne</strong></span> <span class='ocrx_word' id='word_1_45' title='bbox 732 525 930 589; x_wconf 83' lang='lat' dir='ltr'><strong>loquatur</strong></span> <span class='ocrx_word' id='word_1_46' title='bbox 951 541 1045 572; x_wconf 90' lang='lat' dir='ltr'><strong>cum</strong></span> <span class='ocrx_word' id='word_1_47' title='bbox 1068 524 1184 571; x_wconf 87' lang='lat' dir='ltr'><strong>nobis</strong></span> <span class='ocrx_word' id='word_1_48' title='bbox 1208 524 1344 578; x_wconf 86' lang='lat' dir='ltr'><strong>Deus,</strong></span> <span class='ocrx_word' id='word_1_49' title='bbox 1379 537 1430 571; x_wconf 83' lang='lat' dir='ltr'><strong>ne</strong></span> <span class='ocrx_word' id='word_1_50' title='bbox 1452 524 1573 587; x_wconf 81' lang='lat' dir='ltr'><strong>forte</strong></span> <span class='ocrx_word' id='word_1_51' title='bbox 1608 526 1852 581; x_wconf 80' lang='lat' dir='ltr'><em>moriamur.</em></span> <span class='ocrx_word' id='word_1_52' title='bbox 1921 523 1985 571; x_wconf 83' lang='lat' dir='ltr'><strong>Et</strong></span> <span class='ocrx_word' id='word_1_53' title='bbox 2018 522 2125 570; x_wconf 81' lang='lat' dir='ltr'><em>dixit</em></span> <span class='ocrx_word' id='word_1_54' title='bbox 2147 519 2349 583; x_wconf 80' lang='lat' dir='ltr'><strong>Moscheh</strong></span> 
     </span>
     <span class='ocr_line' id='line_1_6' title="bbox 317 587 2350 653; baseline -0 -18"><span class='ocrx_word' id='word_1_55' title='bbox 317 591 324 596; x_wconf 84' lang='grc'><strong>”</strong></span> <span class='ocrx_word' id='word_1_56' title='bbox 374 588 436 636; x_wconf 82' lang='lat' dir='ltr'><strong>ad</strong></span> <span class='ocrx_word' id='word_1_57' title='bbox 462 592 679 653; x_wconf 85' lang='lat' dir='ltr'><strong>populum,</strong></span> <span class='ocrx_word' id='word_1_58' title='bbox 717 607 767 638; x_wconf 86' lang='lat' dir='ltr'><strong>ne</strong></span> <span class='ocrx_word' id='word_1_59' title='bbox 796 592 1000 647; x_wconf 86' lang='lat' dir='ltr'><strong>timeatis,</strong></span> <span class='ocrx_word' id='word_1_60' title='bbox 1052 592 1153 653; x_wconf 83' lang='lat' dir='ltr'><strong>quia</strong></span> <span class='ocrx_word' id='word_1_61' title='bbox 1184 599 1410 653; x_wconf 82' lang='lat' dir='ltr'><strong>propterea</strong></span> <span class='ocrx_word' id='word_1_62' title='bbox 1434 599 1484 636; x_wconf 87' lang='lat' dir='ltr'><strong>ut</strong></span> <span class='ocrx_word' id='word_1_63' title='bbox 1504 598 1669 638; x_wconf 85' lang='lat' dir='ltr'><strong>tentare</strong></span> <span class='ocrx_word' id='word_1_64' title='bbox 1690 604 1784 647; x_wconf 84' lang='lat' dir='ltr'><strong>vos,</strong></span> <span class='ocrx_word' id='word_1_65' title='bbox 1834 591 1954 637; x_wconf 84' lang='lat' dir='ltr'><strong>venit</strong></span> <span class='ocrx_word' id='word_1_66' title='bbox 1975 590 2113 653; x_wconf 77' lang='lat' dir='ltr'><strong>Deus,</strong></span> <span class='ocrx_word' id='word_1_67' title='bbox 2148 587 2204 637; x_wconf 55' lang='grc' dir='ltr'><strong>ΕΞ</strong></span> <span class='ocrx_word' id='word_1_68' title='bbox 2221 600 2350 651; x_wconf 86' lang='lat' dir='ltr'><strong>prop-</strong></span> 
     </span>
     <span class='ocr_line' id='line_1_7' title="bbox 375 654 2349 721; baseline -0.002 -18"><span class='ocrx_word' id='word_1_69' title='bbox 375 666 492 703; x_wconf 82' lang='lat' dir='ltr'><strong>terea</strong></span> <span class='ocrx_word' id='word_1_70' title='bbox 515 667 561 704; x_wconf 87' lang='lat' dir='ltr'><strong>ut</strong></span> <span class='ocrx_word' id='word_1_71' title='bbox 574 658 637 718; x_wconf 85' lang='lat' dir='ltr'><strong>fit</strong></span> <span class='ocrx_word' id='word_1_72' title='bbox 659 659 788 705; x_wconf 84' lang='lat' dir='ltr'><strong>timor</strong></span> <span class='ocrx_word' id='word_1_73' title='bbox 819 657 952 720; x_wconf 81' lang='lat' dir='ltr'><strong>Ipstus</strong></span> <span class='ocrx_word' id='word_1_74' title='bbox 974 671 1118 704; x_wconf 81' lang='lat' dir='ltr'><strong>coram</strong></span> <span class='ocrx_word' id='word_1_75' title='bbox 1126 656 1326 720; x_wconf 85' lang='lat' dir='ltr'><strong>faciebus</strong></span> <span class='ocrx_word' id='word_1_76' title='bbox 1349 655 1518 716; x_wconf 65' lang='lat' dir='ltr'><strong>vestris,</strong></span> <span class='ocrx_word' id='word_1_77' title='bbox 1559 665 1608 703; x_wconf 88' lang='lat' dir='ltr'><strong>ut</strong></span> <span class='ocrx_word' id='word_1_78' title='bbox 1629 672 1710 721; x_wconf 72' lang='lat' dir='ltr'><strong>non</strong></span> <span class='ocrx_word' id='word_1_79' title='bbox 1740 658 1932 719; x_wconf 82' lang='lat' dir='ltr'><em>peccetis.</em></span> <span class='ocrx_word' id='word_1_80' title='bbox 2001 655 2063 703; x_wconf 92' lang='lat' dir='ltr'><strong>Et</strong></span> <span class='ocrx_word' id='word_1_81' title='bbox 2085 654 2236 702; x_wconf 90' lang='lat' dir='ltr'><strong>omnis</strong></span> <span class='ocrx_word' id='word_1_82' title='bbox 2260 669 2349 717; x_wconf 90' lang='lat' dir='ltr'><strong>po-</strong></span> 
     </span>
     <span class='ocr_line' id='line_1_8' title="bbox 376 720 2349 786; baseline 0 -18"><span class='ocrx_word' id='word_1_83' title='bbox 376 722 514 785; x_wconf 87' lang='lat' dir='ltr'><strong>pulus</strong></span> <span class='ocrx_word' id='word_1_84' title='bbox 550 723 754 770; x_wconf 87' lang='lat' dir='ltr'><strong>videntes</strong></span> <span class='ocrx_word' id='word_1_85' title='bbox 787 738 923 770; x_wconf 88' lang='lat' dir='ltr'><strong>voces</strong></span> <span class='ocrx_word' id='word_1_86' title='bbox 947 724 995 770; x_wconf 88' lang='lat'>&amp;</span> <span class='ocrx_word' id='word_1_87' title='bbox 1019 721 1154 779; x_wconf 86' lang='lat' dir='ltr'><strong>faces,</strong></span> <span class='ocrx_word' id='word_1_88' title='bbox 1206 722 1427 784; x_wconf 88' lang='lat' dir='ltr'><strong>significat</strong></span> <span class='ocrx_word' id='word_1_89' title='bbox 1450 723 1793 786; x_wconf 86' lang='lat' dir='ltr'><strong>perceptionem</strong></span> <span class='ocrx_word' id='word_1_90' title='bbox 1825 736 2040 779; x_wconf 70' lang='lat' dir='ltr'><strong>verorum</strong></span> <span class='ocrx_word' id='word_1_91' title='bbox 2064 720 2349 774; x_wconf 84' lang='lat' dir='ltr'><strong>Divinorum</strong></span> 
     </span>
     <span class='ocr_line' id='line_1_9' title="bbox 375 787 2351 853; baseline 0.001 -19"><span class='ocrx_word' id='word_1_92' title='bbox 375 804 432 834; x_wconf 89' lang='lat' dir='ltr'><strong>ex</strong></span> <span class='ocrx_word' id='word_1_93' title='bbox 457 789 610 835; x_wconf 83' lang='lat' dir='ltr'><strong>bono:</strong></span> <span class='ocrx_word' id='word_1_94' title='bbox 659 789 709 836; x_wconf 76' lang='grc' dir='ltr'><strong>δε</strong></span> <span class='ocrx_word' id='word_1_95' title='bbox 734 804 892 837; x_wconf 87' lang='lat' dir='ltr'><strong>vocem</strong></span> <span class='ocrx_word' id='word_1_96' title='bbox 913 790 1135 847; x_wconf 85' lang='lat' dir='ltr'><strong>buccinae,</strong></span> <span class='ocrx_word' id='word_1_97' title='bbox 1173 788 1396 853; x_wconf 82' lang='lat' dir='ltr'><strong>fignificat</strong></span> <span class='ocrx_word' id='word_1_98' title='bbox 1418 789 1578 836; x_wconf 90' lang='lat' dir='ltr'><strong>eadem</strong></span> <span class='ocrx_word' id='word_1_99' title='bbox 1603 803 1684 852; x_wconf 91' lang='lat' dir='ltr'><strong>per</strong></span> <span class='ocrx_word' id='word_1_100' title='bbox 1705 787 1883 836; x_wconf 92' lang='lat' dir='ltr'><strong>coelum</strong></span> <span class='ocrx_word' id='word_1_101' title='bbox 1906 805 1918 835; x_wconf 71' lang='grc' dir='ltr'><em>ε</em></span> <span class='ocrx_word' id='word_1_102' title='bbox 1971 787 2022 835; x_wconf 79' lang='grc' dir='ltr'><strong>δῑ</strong></span> <span class='ocrx_word' id='word_1_103' title='bbox 2043 797 2255 848; x_wconf 86' lang='lat' dir='ltr'><strong>montem</strong></span> <span class='ocrx_word' id='word_1_104' title='bbox 2280 787 2351 836; x_wconf 81' lang='lat' dir='ltr'><strong>fu-</strong></span> 
     </span>
     <span class='ocr_line' id='line_1_10' title="bbox 378 851 2353 920; baseline 0.001 -19"><span class='ocrx_word' id='word_1_105' title='bbox 378 867 600 911; x_wconf 86' lang='lat' dir='ltr'><strong>mantem,</strong></span> <span class='ocrx_word' id='word_1_106' title='bbox 622 855 843 916; x_wconf 84' lang='lat' dir='ltr'><strong>fignificat</strong></span> <span class='ocrx_word' id='word_1_107' title='bbox 865 854 1010 920; x_wconf 87' lang='lat' dir='ltr'><strong>ipsum</strong></span> <span class='ocrx_word' id='word_1_108' title='bbox 1032 856 1203 904; x_wconf 89' lang='lat' dir='ltr'><strong>bonum</strong></span> <span class='ocrx_word' id='word_1_109' title='bbox 1240 858 1337 903; x_wconf 90' lang='lat' dir='ltr'><strong>veri</strong></span> <span class='ocrx_word' id='word_1_110' title='bbox 1379 871 1470 903; x_wconf 91' lang='lat' dir='ltr'><strong>non</strong></span> <span class='ocrx_word' id='word_1_111' title='bbox 1513 855 1806 919; x_wconf 81' lang='lat' dir='ltr'><strong>perceptibile</strong></span> <span class='ocrx_word' id='word_1_112' title='bbox 1846 854 1929 902; x_wconf 78' lang='lat' dir='ltr'><strong>nisi</strong></span> <span class='ocrx_word' id='word_1_113' title='bbox 1969 852 2015 899; x_wconf 90' lang='lat' dir='ltr'><strong>in</strong></span> <span class='ocrx_word' id='word_1_114' title='bbox 2052 865 2236 901; x_wconf 87' lang='lat' dir='ltr'><strong>externa</strong></span> <span class='ocrx_word' id='word_1_115' title='bbox 2259 851 2353 903; x_wconf 84' lang='lat' dir='ltr'><strong>for-</strong></span> 
     </span>
     <span class='ocr_line' id='line_1_11' title="bbox 378 918 2349 986; baseline -0.001 -19"><span class='ocrx_word' id='word_1_116' title='bbox 378 936 455 967; x_wconf 89' lang='lat' dir='ltr'><strong>ma</strong></span> <span class='ocrx_word' id='word_1_117' title='bbox 472 936 482 966; x_wconf 73' lang='grc' dir='ltr'><strong><em>ε</em></strong></span> <span class='ocrx_word' id='word_1_118' title='bbox 499 922 556 969; x_wconf 73' lang='lat'><strong>.&amp;</strong></span> <span class='ocrx_word' id='word_1_119' title='bbox 581 921 700 968; x_wconf 90' lang='lat' dir='ltr'><strong>vidit</strong></span> <span class='ocrx_word' id='word_1_120' title='bbox 725 923 924 986; x_wconf 85' lang='lat' dir='ltr'><strong>populus</strong></span> <span class='ocrx_word' id='word_1_121' title='bbox 951 924 999 969; x_wconf 86' lang='lat'>&amp;</span> <span class='ocrx_word' id='word_1_122' title='bbox 1017 922 1241 970; x_wconf 89' lang='lat' dir='ltr'><strong>commoti</strong></span> <span class='ocrx_word' id='word_1_123' title='bbox 1264 922 1380 978; x_wconf 87' lang='lat' dir='ltr'><strong>sunt,</strong></span> <span class='ocrx_word' id='word_1_124' title='bbox 1402 921 1626 984; x_wconf 86' lang='lat' dir='ltr'><strong>fignificat</strong></span> <span class='ocrx_word' id='word_1_125' title='bbox 1644 925 1907 978; x_wconf 83' lang='lat' dir='ltr'><strong>tremorem,</strong></span> <span class='ocrx_word' id='word_1_126' title='bbox 1923 920 2003 985; x_wconf 90' lang='lat' dir='ltr'><strong>qui</strong></span> <span class='ocrx_word' id='word_1_127' title='bbox 2022 918 2086 966; x_wconf 88' lang='lat' dir='ltr'><strong>est</strong></span> <span class='ocrx_word' id='word_1_128' title='bbox 2107 934 2215 981; x_wconf 84' lang='lat' dir='ltr'><strong>cum</strong></span> <span class='ocrx_word' id='word_1_129' title='bbox 2237 918 2349 966; x_wconf 84' lang='lat' dir='ltr'><strong>reci-</strong></span> 
     </span>
     <span class='ocr_line' id='line_1_12' title="bbox 375 983 2349 1053; baseline 0.001 -21"><span class='ocrx_word' id='word_1_130' title='bbox 375 985 591 1049; x_wconf 79' lang='lat' dir='ltr'><strong>piuntur:</strong></span> <span class='ocrx_word' id='word_1_131' title='bbox 641 988 689 1036; x_wconf 86' lang='lat'>&amp;</span> <span class='ocrx_word' id='word_1_132' title='bbox 725 988 939 1037; x_wconf 87' lang='lat' dir='ltr'><strong>steterunt</strong></span> <span class='ocrx_word' id='word_1_133' title='bbox 962 1005 986 1036; x_wconf 92' lang='lat' dir='ltr'><strong>e</strong></span> <span class='ocrx_word' id='word_1_134' title='bbox 1011 989 1287 1053; x_wconf 85' lang='lat' dir='ltr'><strong>longinquo,</strong></span> <span class='ocrx_word' id='word_1_135' title='bbox 1345 988 1566 1052; x_wconf 85' lang='lat' dir='ltr'><strong>fignificat</strong></span> <span class='ocrx_word' id='word_1_136' title='bbox 1604 989 1909 1036; x_wconf 87' lang='lat' dir='ltr'><strong>remotionem</strong></span> <span class='ocrx_word' id='word_1_137' title='bbox 1945 988 2002 1034; x_wconf 89' lang='lat' dir='ltr'><strong>ab</strong></span> <span class='ocrx_word' id='word_1_138' title='bbox 2043 983 2260 1034; x_wconf 66' lang='lat' dir='ltr'><strong>internis}</strong></span> <span class='ocrx_word' id='word_1_139' title='bbox 2297 987 2349 1034; x_wconf 78' lang='grc' dir='ltr'><strong>δε</strong></span> 
     </span>
     <span class='ocr_line' id='line_1_13' title="bbox 337 1052 2347 1120; baseline -0 -21"><span class='ocrx_word' id='word_1_140' title='bbox 337 1081 340 1085; x_wconf 86' lang='lat'>.</span> <span class='ocrx_word' id='word_1_141' title='bbox 374 1053 587 1101; x_wconf 85' lang='lat' dir='ltr'><strong>dixerunt</strong></span> <span class='ocrx_word' id='word_1_142' title='bbox 626 1054 680 1101; x_wconf 90' lang='lat' dir='ltr'><strong>ad</strong></span> <span class='ocrx_word' id='word_1_143' title='bbox 724 1054 967 1113; x_wconf 89' lang='lat' dir='ltr'><strong>Moschen,</strong></span> <span class='ocrx_word' id='word_1_144' title='bbox 1028 1056 1254 1119; x_wconf 79' lang='lat' dir='ltr'><strong>fignificat</strong></span> <span class='ocrx_word' id='word_1_145' title='bbox 1297 1055 1666 1120; x_wconf 89' lang='lat' dir='ltr'><strong>querimoniam:</strong></span> <span class='ocrx_word' id='word_1_146' title='bbox 1725 1055 1914 1118; x_wconf 88' lang='lat' dir='ltr'><strong>loquere</strong></span> <span class='ocrx_word' id='word_1_147' title='bbox 1960 1068 2010 1102; x_wconf 92' lang='lat' dir='ltr'><strong>tu</strong></span> <span class='ocrx_word' id='word_1_148' title='bbox 2051 1067 2157 1100; x_wconf 90' lang='lat' dir='ltr'><strong>cum</strong></span> <span class='ocrx_word' id='word_1_149' title='bbox 2199 1052 2347 1109; x_wconf 90' lang='lat' dir='ltr'><strong>nobis,</strong></span> 
     </span>
     <span class='ocr_line' id='line_1_14' title="bbox 377 1118 2349 1185; baseline 0.001 -20"><span class='ocrx_word' id='word_1_150' title='bbox 377 1118 598 1182; x_wconf 81' lang='lat' dir='ltr'><strong>fignificat</strong></span> <span class='ocrx_word' id='word_1_151' title='bbox 623 1122 933 1185; x_wconf 85' lang='lat' dir='ltr'><strong>receptionem</strong></span> <span class='ocrx_word' id='word_1_152' title='bbox 959 1123 1052 1169; x_wconf 90' lang='lat' dir='ltr'><strong>veri</strong></span> <span class='ocrx_word' id='word_1_153' title='bbox 1078 1126 1122 1168; x_wconf 88' lang='lat' dir='ltr'><strong>in</strong></span> <span class='ocrx_word' id='word_1_154' title='bbox 1148 1122 1294 1170; x_wconf 84' lang='lat' dir='ltr'><strong>forma</strong></span> <span class='ocrx_word' id='word_1_155' title='bbox 1318 1121 1681 1176; x_wconf 89' lang='lat' dir='ltr'><strong>accommodata,</strong></span> <span class='ocrx_word' id='word_1_156' title='bbox 1718 1122 1791 1169; x_wconf 88' lang='lat' dir='ltr'><strong>cui</strong></span> <span class='ocrx_word' id='word_1_157' title='bbox 1812 1119 1868 1168; x_wconf 88' lang='lat' dir='ltr'><strong>fic</strong></span> <span class='ocrx_word' id='word_1_158' title='bbox 1885 1120 2179 1168; x_wconf 88' lang='lat' dir='ltr'><strong>obedituros:</strong></span> <span class='ocrx_word' id='word_1_159' title='bbox 2216 1119 2266 1166; x_wconf 74' lang='grc' dir='ltr'><strong>δε</strong></span> <span class='ocrx_word' id='word_1_160' title='bbox 2291 1134 2349 1166; x_wconf 89' lang='lat' dir='ltr'><strong>ne</strong></span> 
     </span>
    </p>
   </div>
   <div class='ocr_carea' id='block_1_3' title="bbox 368 1184 2413 1251">
    <p class='ocr_par' dir='ltr' id='par_1_3' title="bbox 368 1184 2413 1251">
     <span class='ocr_line' id='line_1_15' title="bbox 368 1184 2413 1251; baseline 0 -19"><span class='ocrx_word' id='word_1_161' title='bbox 368 1186 588 1249; x_wconf 76' lang='lat' dir='ltr'><strong>loquatur</strong></span> <span class='ocrx_word' id='word_1_162' title='bbox 609 1203 714 1234; x_wconf 88' lang='lat' dir='ltr'><strong>cum</strong></span> <span class='ocrx_word' id='word_1_163' title='bbox 740 1189 870 1236; x_wconf 91' lang='lat' dir='ltr'><strong>nobis</strong></span> <span class='ocrx_word' id='word_1_164' title='bbox 896 1190 1038 1245; x_wconf 87' lang='lat' dir='ltr'><strong>Deus,</strong></span> <span class='ocrx_word' id='word_1_165' title='bbox 1091 1189 1311 1251; x_wconf 88' lang='lat' dir='ltr'><strong>fignificat</strong></span> <span class='ocrx_word' id='word_1_166' title='bbox 1334 1204 1498 1236; x_wconf 89' lang='lat' dir='ltr'><strong>verum</strong></span> <span class='ocrx_word' id='word_1_167' title='bbox 1524 1189 1569 1235; x_wconf 91' lang='lat' dir='ltr'><strong>in</strong></span> <span class='ocrx_word' id='word_1_168' title='bbox 1594 1187 1742 1235; x_wconf 80' lang='lat' dir='ltr'><strong>forma</strong></span> <span class='ocrx_word' id='word_1_169' title='bbox 1766 1202 1857 1235; x_wconf 91' lang='lat' dir='ltr'><strong>non</strong></span> <span class='ocrx_word' id='word_1_170' title='bbox 1882 1184 2254 1234; x_wconf 87' lang='lat' dir='ltr'><strong>accommodata:</strong></span> <span class='ocrx_word' id='word_1_171' title='bbox 2290 1200 2351 1232; x_wconf 87' lang='lat' dir='ltr'><strong>ne</strong></span> <span class='ocrx_word' id='word_1_172' title='bbox 2406 1191 2413 1197; x_wconf 73' lang='grc'>’</span> 
     </span>
    </p>
   </div>
   <div class='ocr_carea' id='block_1_4' title="bbox 364 1250 2351 1851">
    <p class='ocr_par' dir='ltr' id='par_1_4' title="bbox 364 1250 2351 1650">
     <span class='ocr_line' id='line_1_16' title="bbox 377 1250 2350 1318; baseline 0 -20"><span class='ocrx_word' id='word_1_173' title='bbox 377 1250 493 1318; x_wconf 87' lang='lat' dir='ltr'><strong>forte</strong></span> <span class='ocrx_word' id='word_1_174' title='bbox 518 1255 782 1312; x_wconf 83' lang='lat' dir='ltr'><strong>moriamur,</strong></span> <span class='ocrx_word' id='word_1_175' title='bbox 821 1255 1043 1318; x_wconf 79' lang='lat' dir='ltr'><strong>significat</strong></span> <span class='ocrx_word' id='word_1_176' title='bbox 1077 1254 1204 1318; x_wconf 88' lang='lat' dir='ltr'><strong>quod</strong></span> <span class='ocrx_word' id='word_1_177' title='bbox 1245 1256 1440 1318; x_wconf 86' lang='lat' dir='ltr'><strong>peritura</strong></span> <span class='ocrx_word' id='word_1_178' title='bbox 1465 1254 1530 1306; x_wconf 38' lang='lat' dir='ltr'><strong>fic,</strong></span> <span class='ocrx_word' id='word_1_179' title='bbox 1548 1254 1640 1301; x_wconf 88' lang='lat' dir='ltr'><strong>vita</strong></span> <span class='ocrx_word' id='word_1_180' title='bbox 1667 1252 1782 1301; x_wconf 79' lang='lat' dir='ltr'><strong>&#39;coeli</strong></span> <span class='ocrx_word' id='word_1_181' title='bbox 1806 1253 1929 1318; x_wconf 87' lang='lat' dir='ltr'><strong>apud</strong></span> <span class='ocrx_word' id='word_1_182' title='bbox 1954 1253 2055 1302; x_wconf 77' lang='lat' dir='ltr'><strong>illos</strong></span> <span class='ocrx_word' id='word_1_183' title='bbox 2075 1270 2089 1306; x_wconf 59' lang='grc' dir='ltr'><strong>ε,</strong></span> <span class='ocrx_word' id='word_1_184' title='bbox 2140 1250 2206 1300; x_wconf 91' lang='lat' dir='ltr'><strong>Et</strong></span> <span class='ocrx_word' id='word_1_185' title='bbox 2228 1251 2350 1299; x_wconf 73' lang='lat' dir='ltr'><strong>dixit</strong></span> 
     </span>
     <span class='ocr_line' id='line_1_17' title="bbox 374 1317 2350 1386; baseline 0 -21"><span class='ocrx_word' id='word_1_186' title='bbox 374 1318 604 1367; x_wconf 82' lang='lat' dir='ltr'><strong>.Moscheh</strong></span> <span class='ocrx_word' id='word_1_187' title='bbox 641 1321 696 1367; x_wconf 90' lang='lat' dir='ltr'><strong>ad</strong></span> <span class='ocrx_word' id='word_1_188' title='bbox 738 1322 984 1386; x_wconf 85' lang='lat' dir='ltr'><strong>populum,</strong></span> <span class='ocrx_word' id='word_1_189' title='bbox 1040 1320 1258 1384; x_wconf 83' lang='lat' dir='ltr'><strong>fignificat</strong></span> <span class='ocrx_word' id='word_1_190' title='bbox 1300 1319 1703 1368; x_wconf 83' lang='lat' dir='ltr'><strong>informationem:</strong></span> <span class='ocrx_word' id='word_1_191' title='bbox 1741 1334 1797 1366; x_wconf 90' lang='lat' dir='ltr'><strong>ne</strong></span> <span class='ocrx_word' id='word_1_192' title='bbox 1832 1320 2045 1374; x_wconf 74' lang='lat' dir='ltr'><strong>timeatis,</strong></span> <span class='ocrx_word' id='word_1_193' title='bbox 2081 1317 2188 1382; x_wconf 82' lang='lat' dir='ltr'><strong>quia</strong></span> <span class='ocrx_word' id='word_1_194' title='bbox 2211 1333 2350 1381; x_wconf 84' lang='lat' dir='ltr'><strong>prop·</strong></span> 
     </span>
     <span class='ocr_line' id='line_1_18' title="bbox 364 1383 2348 1451; baseline 0 -20"><span class='ocrx_word' id='word_1_195' title='bbox 364 1397 492 1432; x_wconf 63' lang='lat' dir='ltr'><strong>⁴terea</strong></span> <span class='ocrx_word' id='word_1_196' title='bbox 528 1400 579 1434; x_wconf 91' lang='lat' dir='ltr'><strong>ut</strong></span> <span class='ocrx_word' id='word_1_197' title='bbox 615 1398 784 1435; x_wconf 84' lang='lat' dir='ltr'><strong>tentare</strong></span> <span class='ocrx_word' id='word_1_198' title='bbox 826 1403 908 1434; x_wconf 90' lang='lat' dir='ltr'><strong>vos</strong></span> <span class='ocrx_word' id='word_1_199' title='bbox 951 1388 1077 1435; x_wconf 87' lang='lat' dir='ltr'><strong>venit</strong></span> <span class='ocrx_word' id='word_1_200' title='bbox 1104 1389 1248 1445; x_wconf 84' lang='lat' dir='ltr'><strong>Deus,</strong></span> <span class='ocrx_word' id='word_1_201' title='bbox 1301 1386 1523 1449; x_wconf 84' lang='lat' dir='ltr'><strong>fignificat</strong></span> <span class='ocrx_word' id='word_1_202' title='bbox 1562 1386 1688 1451; x_wconf 88' lang='lat' dir='ltr'><strong>quod</strong></span> <span class='ocrx_word' id='word_1_203' title='bbox 1725 1400 1816 1433; x_wconf 91' lang='lat' dir='ltr'><strong>non</strong></span> <span class='ocrx_word' id='word_1_204' title='bbox 1858 1386 2055 1450; x_wconf 90' lang='lat' dir='ltr'><strong>peritura</strong></span> <span class='ocrx_word' id='word_1_205' title='bbox 2093 1383 2184 1431; x_wconf 89' lang='lat' dir='ltr'><strong>vita</strong></span> <span class='ocrx_word' id='word_1_206' title='bbox 2221 1384 2348 1441; x_wconf 86' lang='lat' dir='ltr'><strong>coeli,</strong></span> 
     </span>
     <span class='ocr_line' id='line_1_19' title="bbox 377 1449 2347 1518; baseline 0 -19"><span class='ocrx_word' id='word_1_207' title='bbox 377 1451 524 1500; x_wconf 86' lang='lat' dir='ltr'><strong>solum</strong></span> <span class='ocrx_word' id='word_1_208' title='bbox 569 1463 620 1500; x_wconf 90' lang='lat' dir='ltr'><strong>ut</strong></span> <span class='ocrx_word' id='word_1_209' title='bbox 662 1454 822 1501; x_wconf 87' lang='lat' dir='ltr'><strong>sciatur</strong></span> <span class='ocrx_word' id='word_1_210' title='bbox 861 1454 990 1516; x_wconf 90' lang='lat' dir='ltr'><strong>quod</strong></span> <span class='ocrx_word' id='word_1_211' title='bbox 1034 1453 1108 1502; x_wconf 89' lang='lat' dir='ltr'><strong>illa</strong></span> <span class='ocrx_word' id='word_1_212' title='bbox 1147 1455 1199 1503; x_wconf 80' lang='lat' dir='ltr'><strong>sit</strong></span> <span class='ocrx_word' id='word_1_213' title='bbox 1233 1455 1283 1502; x_wconf 73' lang='grc' dir='ltr'><strong>δε</strong></span> <span class='ocrx_word' id='word_1_214' title='bbox 1319 1453 1498 1518; x_wconf 89' lang='lat' dir='ltr'><strong>qualis:</strong></span> <span class='ocrx_word' id='word_1_215' title='bbox 1557 1453 1607 1500; x_wconf 85' lang='lat'>&amp;</span> <span class='ocrx_word' id='word_1_216' title='bbox 1631 1464 1869 1516; x_wconf 88' lang='lat' dir='ltr'><strong>propterea</strong></span> <span class='ocrx_word' id='word_1_217' title='bbox 1892 1464 1943 1500; x_wconf 92' lang='lat' dir='ltr'><strong>ut</strong></span> <span class='ocrx_word' id='word_1_218' title='bbox 1966 1451 2020 1499; x_wconf 92' lang='lat' dir='ltr'><strong>s1t</strong></span> <span class='ocrx_word' id='word_1_219' title='bbox 2045 1450 2185 1498; x_wconf 88' lang='lat' dir='ltr'><strong>timor</strong></span> <span class='ocrx_word' id='word_1_220' title='bbox 2206 1449 2347 1513; x_wconf 81' lang='lat' dir='ltr'><strong>Ipsius</strong></span> 
     </span>
     <span class='ocr_line' id='line_1_20' title="bbox 374 1515 2351 1584; baseline 0 -19"><span class='ocrx_word' id='word_1_221' title='bbox 374 1534 527 1566; x_wconf 88' lang='lat' dir='ltr'><strong>coram</strong></span> <span class='ocrx_word' id='word_1_222' title='bbox 553 1518 748 1567; x_wconf 86' lang='lat' dir='ltr'><strong>faciebus</strong></span> <span class='ocrx_word' id='word_1_223' title='bbox 773 1520 945 1578; x_wconf 67' lang='lat' dir='ltr'><strong>vestris,</strong></span> <span class='ocrx_word' id='word_1_224' title='bbox 982 1531 1034 1568; x_wconf 91' lang='lat' dir='ltr'><strong>ut</strong></span> <span class='ocrx_word' id='word_1_225' title='bbox 1058 1536 1149 1568; x_wconf 92' lang='lat' dir='ltr'><strong>non</strong></span> <span class='ocrx_word' id='word_1_226' title='bbox 1174 1521 1384 1584; x_wconf 86' lang='lat' dir='ltr'><strong>peccetis,</strong></span> <span class='ocrx_word' id='word_1_227' title='bbox 1420 1518 1644 1581; x_wconf 86' lang='lat' dir='ltr'><strong>fignificat</strong></span> <span class='ocrx_word' id='word_1_228' title='bbox 1669 1519 1884 1568; x_wconf 90' lang='lat' dir='ltr'><strong>timorem</strong></span> <span class='ocrx_word' id='word_1_229' title='bbox 1910 1517 2110 1577; x_wconf 73' lang='lat' dir='ltr'><strong>sanCtum</strong></span> <span class='ocrx_word' id='word_1_230' title='bbox 2135 1515 2240 1565; x_wconf 90' lang='lat' dir='ltr'><strong>inde</strong></span> <span class='ocrx_word' id='word_1_231' title='bbox 2261 1531 2351 1582; x_wconf 47' lang='lat' dir='ltr'><strong>pro*</strong></span> 
     </span>
     <span class='ocr_line' id='line_1_21' title="bbox 376 1583 1612 1650; baseline 0.002 -18"><span class='ocrx_word' id='word_1_232' title='bbox 376 1583 571 1642; x_wconf 86' lang='lat' dir='ltr'><strong>Divino,</strong></span> <span class='ocrx_word' id='word_1_233' title='bbox 620 1587 667 1633; x_wconf 74' lang='lat' dir='ltr'><strong>Sc</strong></span> <span class='ocrx_word' id='word_1_234' title='bbox 692 1586 797 1633; x_wconf 90' lang='lat' dir='ltr'><strong>inde</strong></span> <span class='ocrx_word' id='word_1_235' title='bbox 815 1585 931 1634; x_wconf 67' lang='lat' dir='ltr'><strong>&#39;vitae</strong></span> <span class='ocrx_word' id='word_1_236' title='bbox 957 1586 1190 1650; x_wconf 88' lang='lat' dir='ltr'><strong>spiritualis</strong></span> <span class='ocrx_word' id='word_1_237' title='bbox 1211 1585 1612 1645; x_wconf 86' lang='lat' dir='ltr'><strong>conservationem.</strong></span> 
     </span>
    </p>

    <p class='ocr_par' dir='ltr' id='par_1_5' title="bbox 372 1650 2348 1851">
     <span class='ocr_line' id='line_1_22' title="bbox 443 1650 2347 1717; baseline -0.002 -17"><span class='ocrx_word' id='word_1_238' title='bbox 443 1654 468 1700; x_wconf 96' lang='lat'>8</span> <span class='ocrx_word' id='word_1_239' title='bbox 478 1669 501 1714; x_wconf 77' lang='lat'>9</span> <span class='ocrx_word' id='word_1_240' title='bbox 518 1668 587 1711; x_wconf 87' lang='lat'><strong>¹4·</strong></span> <span class='ocrx_word' id='word_1_241' title='bbox 631 1652 694 1700; x_wconf 89' lang='lat' dir='ltr'><strong>Et</strong></span> <span class='ocrx_word' id='word_1_242' title='bbox 715 1653 868 1701; x_wconf 85' lang='lat' dir='ltr'><strong>omnis</strong></span> <span class='ocrx_word' id='word_1_243' title='bbox 892 1654 1089 1717; x_wconf 81' lang='lat' dir='ltr'><strong>populus</strong></span> <span class='ocrx_word' id='word_1_244' title='bbox 1115 1653 1318 1701; x_wconf 91' lang='lat' dir='ltr'><strong>videntes</strong></span> <span class='ocrx_word' id='word_1_245' title='bbox 1343 1668 1472 1701; x_wconf 89' lang='lat' dir='ltr'><strong>voces</strong></span> <span class='ocrx_word' id='word_1_246' title='bbox 1496 1653 1546 1700; x_wconf 76' lang='grc' dir='ltr'><strong>δε</strong></span> <span class='ocrx_word' id='word_1_247' title='bbox 1569 1652 1700 1709; x_wconf 79' lang='lat' dir='ltr'><strong>faceS‚</strong></span> <span class='ocrx_word' id='word_1_248' title='bbox 1755 1651 1883 1716; x_wconf 90' lang='lat' dir='ltr'><strong>quod</strong></span> <span class='ocrx_word' id='word_1_249' title='bbox 1909 1650 2134 1715; x_wconf 79' lang='lat' dir='ltr'><strong>significet</strong></span> <span class='ocrx_word' id='word_1_250' title='bbox 2158 1664 2347 1716; x_wconf 85' lang='lat' dir='ltr'><strong>percep-</strong></span> 
     </span>
     <span class='ocr_line' id='line_1_23' title="bbox 372 1717 2348 1782; baseline 0.002 -19"><span class='ocrx_word' id='word_1_251' title='bbox 372 1718 548 1764; x_wconf 84' lang='lat' dir='ltr'><strong>tionem</strong></span> <span class='ocrx_word' id='word_1_252' title='bbox 579 1735 792 1767; x_wconf 86' lang='lat' dir='ltr'><strong>verorum</strong></span> <span class='ocrx_word' id='word_1_253' title='bbox 821 1720 1104 1768; x_wconf 85' lang='lat' dir='ltr'><strong>Divinorum</strong></span> <span class='ocrx_word' id='word_1_254' title='bbox 1128 1736 1185 1768; x_wconf 87' lang='lat' dir='ltr'><strong>ex</strong></span> <span class='ocrx_word' id='word_1_255' title='bbox 1206 1721 1347 1777; x_wconf 80' lang='lat' dir='ltr'><strong>bone,</strong></span> <span class='ocrx_word' id='word_1_256' title='bbox 1385 1719 1557 1767; x_wconf 91' lang='lat' dir='ltr'><strong>constat</strong></span> <span class='ocrx_word' id='word_1_257' title='bbox 1579 1734 1635 1768; x_wconf 88' lang='lat' dir='ltr'><strong>ex</strong></span> <span class='ocrx_word' id='word_1_258' title='bbox 1658 1719 1986 1782; x_wconf 81' lang='lat' dir='ltr'><strong>significatione</strong></span> <span class='ocrx_word' id='word_1_259' title='bbox 2009 1718 2182 1774; x_wconf 89' lang='lat' dir='ltr'><strong>videre,</strong></span> <span class='ocrx_word' id='word_1_260' title='bbox 2217 1717 2348 1782; x_wconf 90' lang='lat' dir='ltr'><strong>quod</strong></span> 
     </span>
     <span class='ocr_line' id='line_1_24' title="bbox 373 1783 2347 1851; baseline 0.001 -21"><span class='ocrx_word' id='word_1_261' title='bbox 373 1784 429 1831; x_wconf 85' lang='lat' dir='ltr'><strong>fit</strong></span> <span class='ocrx_word' id='word_1_262' title='bbox 470 1784 720 1849; x_wconf 85' lang='lat' dir='ltr'><strong>intelligere</strong></span> <span class='ocrx_word' id='word_1_263' title='bbox 755 1787 805 1833; x_wconf 86' lang='lat'>&amp;</span> <span class='ocrx_word' id='word_1_264' title='bbox 847 1786 1095 1850; x_wconf 84' lang='lat' dir='ltr'><strong>percipere,</strong></span> <span class='ocrx_word' id='word_1_265' title='bbox 1148 1788 1206 1835; x_wconf 93' lang='lat' dir='ltr'><strong>de</strong></span> <span class='ocrx_word' id='word_1_266' title='bbox 1244 1802 1334 1851; x_wconf 88' lang='lat' dir='ltr'><strong>qua</strong></span> <span class='ocrx_word' id='word_1_267' title='bbox 1359 1803 1417 1833; x_wconf 89' lang='lat' dir='ltr'><strong>n:</strong></span> <span class='ocrx_word' id='word_1_268' title='bbox 1447 1801 1593 1847; x_wconf 86' lang='lat'><strong>²150·</strong></span> <span class='ocrx_word' id='word_1_269' title='bbox 1622 1800 1781 1848; x_wconf 72' lang='lat'><strong><em>2325.</em></strong></span> <span class='ocrx_word' id='word_1_270' title='bbox 1829 1789 1973 1847; x_wconf 84' lang='lat'><strong><em>2807.</em></strong></span> <span class='ocrx_word' id='word_1_271' title='bbox 2012 1786 2157 1848; x_wconf 74' lang='lat'><strong>3764,</strong></span> <span class='ocrx_word' id='word_1_272' title='bbox 2200 1783 2347 1846; x_wconf 83' lang='lat'><strong>3863.</strong></span> 
     </span>
    </p>
   </div>
   <div class='ocr_carea' id='block_1_5' title="bbox 378 1849 2359 1916">
    <p class='ocr_par' dir='ltr' id='par_1_6' title="bbox 378 1849 2359 1916">
     <span class='ocr_line' id='line_1_25' title="bbox 378 1849 2359 1916; baseline 0 -20"><span class='ocrx_word' id='word_1_273' title='bbox 378 1851 522 1914; x_wconf 84' lang='lat'>3869.</span> <span class='ocrx_word' id='word_1_274' title='bbox 561 1869 691 1915; x_wconf 85' lang='lat'>4403</span> <span class='ocrx_word' id='word_1_275' title='bbox 733 1853 789 1899; x_wconf 90' lang='lat' dir='ltr'><strong>ad</strong></span> <span class='ocrx_word' id='word_1_276' title='bbox 825 1868 971 1913; x_wconf 84' lang='lat'><strong>442¹·</strong></span> <span class='ocrx_word' id='word_1_277' title='bbox 1008 1855 1155 1915; x_wconf 85' lang='lat'><strong>4567.</strong></span> <span class='ocrx_word' id='word_1_278' title='bbox 1194 1868 1344 1916; x_wconf 85' lang='lat'>4723.</span> <span class='ocrx_word' id='word_1_279' title='bbox 1387 1867 1552 1913; x_wconf 87' lang='lat' dir='ltr'><strong>54oo;</strong></span> <span class='ocrx_word' id='word_1_280' title='bbox 1599 1867 1656 1899; x_wconf 86' lang='lat' dir='ltr'><strong>ex</strong></span> <span class='ocrx_word' id='word_1_281' title='bbox 1694 1850 2019 1915; x_wconf 80' lang='lat' dir='ltr'><strong>significatione</strong></span> <span class='ocrx_word' id='word_1_282' title='bbox 2062 1864 2228 1897; x_wconf 89' lang='lat' dir='ltr'><strong>vocum</strong></span> <span class='ocrx_word' id='word_1_283' title='bbox 2272 1849 2359 1897; x_wconf 85' lang='lat' dir='ltr'><strong>seu·</strong></span> 
     </span>
    </p>
   </div>
   <div class='ocr_carea' id='block_1_6' title="bbox 304 1915 2349 3246">
    <p class='ocr_par' dir='ltr' id='par_1_7' title="bbox 304 1915 2349 3246">
     <span class='ocr_line' id='line_1_26' title="bbox 375 1915 2347 1983; baseline -0.001 -20"><span class='ocrx_word' id='word_1_284' title='bbox 375 1917 648 1975; x_wconf 85' lang='lat' dir='ltr'><strong>tonitruum,</strong></span> <span class='ocrx_word' id='word_1_285' title='bbox 687 1919 811 1982; x_wconf 79' lang='lat' dir='ltr'><strong>quod</strong></span> <span class='ocrx_word' id='word_1_286' title='bbox 839 1918 923 1966; x_wconf 84' lang='lat' dir='ltr'><strong>sint</strong></span> <span class='ocrx_word' id='word_1_287' title='bbox 949 1934 1054 1967; x_wconf 87' lang='lat' dir='ltr'><strong>vera</strong></span> <span class='ocrx_word' id='word_1_288' title='bbox 1079 1920 1268 1976; x_wconf 88' lang='lat' dir='ltr'><strong>Divina,</strong></span> <span class='ocrx_word' id='word_1_289' title='bbox 1303 1919 1362 1966; x_wconf 91' lang='lat' dir='ltr'><strong>de</strong></span> <span class='ocrx_word' id='word_1_290' title='bbox 1384 1935 1471 1982; x_wconf 87' lang='lat' dir='ltr'><strong>qua</strong></span> <span class='ocrx_word' id='word_1_291' title='bbox 1497 1935 1557 1967; x_wconf 92' lang='lat' dir='ltr'><strong>n:</strong></span> <span class='ocrx_word' id='word_1_292' title='bbox 1581 1933 1724 1983; x_wconf 84' lang='lat'><strong><em>7573.</em></strong></span> <span class='ocrx_word' id='word_1_293' title='bbox 1752 1921 1878 1980; x_wconf 82' lang='lat'>8813</span> <span class='ocrx_word' id='word_1_294' title='bbox 1901 1938 1916 1972; x_wconf 70' lang='grc' dir='ltr'><strong>ς</strong></span> <span class='ocrx_word' id='word_1_295' title='bbox 1951 1918 2002 1965; x_wconf 76' lang='grc' dir='ltr'><strong>δε</strong></span> <span class='ocrx_word' id='word_1_296' title='bbox 2031 1931 2088 1965; x_wconf 87' lang='lat' dir='ltr'><strong>ex</strong></span> <span class='ocrx_word' id='word_1_297' title='bbox 2122 1915 2347 1978; x_wconf 84' lang='lat' dir='ltr'><strong>fignifica-</strong></span> 
     </span>
     <span class='ocr_line' id='line_1_27' title="bbox 377 1982 2349 2050; baseline 0 -20"><span class='ocrx_word' id='word_1_298' title='bbox 377 1984 503 2030; x_wconf 87' lang='lat' dir='ltr'><strong>tione</strong></span> <span class='ocrx_word' id='word_1_299' title='bbox 544 1983 694 2032; x_wconf 89' lang='lat' dir='ltr'><strong>facum</strong></span> <span class='ocrx_word' id='word_1_300' title='bbox 731 1986 802 2033; x_wconf 88' lang='lat' dir='ltr'><strong>seu</strong></span> <span class='ocrx_word' id='word_1_301' title='bbox 841 1984 1095 2048; x_wconf 85' lang='lat' dir='ltr'><strong>fulgurum,</strong></span> <span class='ocrx_word' id='word_1_302' title='bbox 1142 1987 1267 2050; x_wconf 91' lang='lat' dir='ltr'><strong>quod</strong></span> <span class='ocrx_word' id='word_1_303' title='bbox 1307 1986 1391 2034; x_wconf 83' lang='lat' dir='ltr'><strong>sint</strong></span> <span class='ocrx_word' id='word_1_304' title='bbox 1432 1985 1690 2048; x_wconf 86' lang='lat' dir='ltr'><strong>splendores</strong></span> <span class='ocrx_word' id='word_1_305' title='bbox 1722 1985 1801 2047; x_wconf 89' lang='lat' dir='ltr'><strong>qui</strong></span> <span class='ocrx_word' id='word_1_306' title='bbox 1844 1985 1945 2031; x_wconf 88' lang='lat' dir='ltr'><strong>sunt</strong></span> <span class='ocrx_word' id='word_1_307' title='bbox 1977 1983 2093 2031; x_wconf 86' lang='lat' dir='ltr'><strong>veris</strong></span> <span class='ocrx_word' id='word_1_308' title='bbox 2125 1998 2183 2030; x_wconf 86' lang='lat' dir='ltr'><strong>ex</strong></span> <span class='ocrx_word' id='word_1_309' title='bbox 2224 1982 2349 2030; x_wconf 78' lang='lat' dir='ltr'><strong>bono</strong></span> 
     </span>
     <span class='ocr_line' id='line_1_28' title="bbox 362 2048 2346 2117; baseline 0 -21"><span class='ocrx_word' id='word_1_310' title='bbox 362 2050 556 2115; x_wconf 78' lang='lat' dir='ltr'><strong>amoris,</strong></span> <span class='ocrx_word' id='word_1_311' title='bbox 605 2052 685 2115; x_wconf 91' lang='lat' dir='ltr'><strong>qui</strong></span> <span class='ocrx_word' id='word_1_312' title='bbox 712 2051 1020 2115; x_wconf 86' lang='lat' dir='ltr'><strong>perstringunt</strong></span> <span class='ocrx_word' id='word_1_313' title='bbox 1043 2054 1092 2101; x_wconf 76' lang='grc' dir='ltr'><strong>δε</strong></span> <span class='ocrx_word' id='word_1_314' title='bbox 1117 2065 1368 2116; x_wconf 87' lang='lat' dir='ltr'><strong>penetrant,</strong></span> <span class='ocrx_word' id='word_1_315' title='bbox 1422 2051 1477 2098; x_wconf 90' lang='lat' dir='ltr'><strong>de</strong></span> <span class='ocrx_word' id='word_1_316' title='bbox 1500 2069 1590 2117; x_wconf 88' lang='lat' dir='ltr'><strong>qua</strong></span> <span class='ocrx_word' id='word_1_317' title='bbox 1615 2068 1642 2099; x_wconf 89' lang='lat' dir='ltr'><strong>n</strong></span> <span class='ocrx_word' id='word_1_318' title='bbox 1663 2069 1676 2100; x_wconf 76' lang='lat' dir='ltr'><strong>t</strong></span> <span class='ocrx_word' id='word_1_319' title='bbox 1703 2054 1845 2115; x_wconf 84' lang='lat'>8813.</span> <span class='ocrx_word' id='word_1_320' title='bbox 1915 2050 2006 2101; x_wconf 81' lang='lat' dir='ltr'><strong>Per</strong></span> <span class='ocrx_word' id='word_1_321' title='bbox 2027 2049 2148 2096; x_wconf 90' lang='lat' dir='ltr'><strong>Vera</strong></span> <span class='ocrx_word' id='word_1_322' title='bbox 2173 2048 2346 2096; x_wconf 84' lang='lat' dir='ltr'><strong>Divina</strong></span> 
     </span>
     <span class='ocr_line' id='line_1_29' title="bbox 304 2112 2346 2183; baseline 0 -21"><span class='ocrx_word' id='word_1_323' title='bbox 304 2119 309 2123; x_wconf 86' lang='lat'><em>&#39;</em></span> <span class='ocrx_word' id='word_1_324' title='bbox 374 2131 432 2163; x_wconf 88' lang='lat' dir='ltr'><strong>ex</strong></span> <span class='ocrx_word' id='word_1_325' title='bbox 470 2117 590 2164; x_wconf 92' lang='lat' dir='ltr'><strong>bono</strong></span> <span class='ocrx_word' id='word_1_326' title='bbox 633 2119 951 2180; x_wconf 86' lang='lat' dir='ltr'><strong>intelliguntur</strong></span> <span class='ocrx_word' id='word_1_327' title='bbox 989 2119 1060 2166; x_wconf 89' lang='lat' dir='ltr'><strong>hic</strong></span> <span class='ocrx_word' id='word_1_328' title='bbox 1098 2119 1254 2167; x_wconf 89' lang='lat' dir='ltr'><strong>omnia</strong></span> <span class='ocrx_word' id='word_1_329' title='bbox 1283 2131 1519 2183; x_wconf 69' lang='lat' dir='ltr'><strong>,praecepta</strong></span> <span class='ocrx_word' id='word_1_330' title='bbox 1544 2117 1782 2181; x_wconf 86' lang='lat' dir='ltr'><strong>Decalogi,</strong></span> <span class='ocrx_word' id='word_1_331' title='bbox 1834 2112 1941 2181; x_wconf 77' lang='lat' dir='ltr'><strong>quae</strong></span> <span class='ocrx_word' id='word_1_332' title='bbox 1961 2131 2017 2165; x_wconf 88' lang='lat' dir='ltr'><strong>ex</strong></span> <span class='ocrx_word' id='word_1_333' title='bbox 2041 2120 2198 2164; x_wconf 84' lang='lat' dir='ltr'><strong>monte</strong></span> <span class='ocrx_word' id='word_1_334' title='bbox 2220 2113 2346 2162; x_wconf 82' lang='lat' dir='ltr'><strong>Sinai</strong></span> 
     </span>
     <span class='ocr_line' id='line_1_30' title="bbox 375 2180 2349 2249; baseline -0.001 -21"><span class='ocrx_word' id='word_1_335' title='bbox 375 2182 605 2230; x_wconf 85' lang='lat' dir='ltr'><strong>enuntiata</strong></span> <span class='ocrx_word' id='word_1_336' title='bbox 638 2183 735 2232; x_wconf 90' lang='lat' dir='ltr'><strong>sunt</strong></span> <span class='ocrx_word' id='word_1_337' title='bbox 758 2201 782 2231; x_wconf 90' lang='lat' dir='ltr'><strong>e</strong></span> <span class='ocrx_word' id='word_1_338' title='bbox 809 2185 964 2232; x_wconf 89' lang='lat' dir='ltr'><strong>medio</strong></span> <span class='ocrx_word' id='word_1_339' title='bbox 988 2187 1235 2233; x_wconf 86' lang='lat' dir='ltr'><strong>tonitruum</strong></span> <span class='ocrx_word' id='word_1_340' title='bbox 1261 2187 1308 2241; x_wconf 73' lang='grc' dir='ltr'><strong>δε</strong></span> <span class='ocrx_word' id='word_1_341' title='bbox 1328 2185 1606 2247; x_wconf 57' lang='grc' dir='ltr'><strong>Δξιιῐὲιιῐυηη</strong></span> <span class='ocrx_word' id='word_1_342' title='bbox 1657 2199 1763 2249; x_wconf 84' lang='lat' dir='ltr'><strong>quae</strong></span> <span class='ocrx_word' id='word_1_343' title='bbox 1798 2181 1904 2230; x_wconf 90' lang='lat' dir='ltr'><strong>ideo</strong></span> <span class='ocrx_word' id='word_1_344' title='bbox 1940 2194 2055 2246; x_wconf 51' lang='lat' dir='ltr'><strong>tunc,</strong></span> <span class='ocrx_word' id='word_1_345' title='bbox 2086 2180 2349 2237; x_wconf 83' lang='lat' dir='ltr'><strong>fistebantur</strong></span> 
     </span>
     <span class='ocr_line' id='line_1_31' title="bbox 374 2249 2345 2315; baseline -0.001 -20"><span class='ocrx_word' id='word_1_346' title='bbox 374 2249 483 2313; x_wconf 87' lang='lat' dir='ltr'><strong>quia</strong></span> <span class='ocrx_word' id='word_1_347' title='bbox 522 2250 716 2298; x_wconf 89' lang='lat' dir='ltr'><strong>tonitrua</strong></span> <span class='ocrx_word' id='word_1_348' title='bbox 753 2250 1062 2311; x_wconf 80' lang='lat' dir='ltr'><strong>significabant</strong></span> <span class='ocrx_word' id='word_1_349' title='bbox 1087 2254 1208 2300; x_wconf 88' lang='lat' dir='ltr'><strong>Vera</strong></span> <span class='ocrx_word' id='word_1_350' title='bbox 1232 2251 1426 2307; x_wconf 85' lang='lat' dir='ltr'><strong>Divina,</strong></span> <span class='ocrx_word' id='word_1_351' title='bbox 1489 2265 1593 2315; x_wconf 85' lang='lat' dir='ltr'><strong>quae</strong></span> <span class='ocrx_word' id='word_1_352' title='bbox 1616 2264 1802 2315; x_wconf 89' lang='lat' dir='ltr'><strong>quoque</strong></span> <span class='ocrx_word' id='word_1_353' title='bbox 1826 2249 1930 2297; x_wconf 88' lang='lat' dir='ltr'><strong>ideo</strong></span> <span class='ocrx_word' id='word_1_354' title='bbox 1954 2260 2169 2296; x_wconf 82' lang='lat' dir='ltr'><strong>vocantur</strong></span> <span class='ocrx_word' id='word_1_355' title='bbox 2192 2260 2345 2303; x_wconf 82' lang='lat' dir='ltr'><strong>voceS,</strong></span> 
     </span>
     <span class='ocr_line' id='line_1_32' title="bbox 375 2313 2347 2381; baseline -0.003 -17"><span class='ocrx_word' id='word_1_356' title='bbox 375 2317 424 2364; x_wconf 88' lang='lat'>&amp;</span> <span class='ocrx_word' id='word_1_357' title='bbox 450 2314 632 2377; x_wconf 80' lang='lat' dir='ltr'><strong>fulgura</strong></span> <span class='ocrx_word' id='word_1_358' title='bbox 673 2316 983 2378; x_wconf 77' lang='lat' dir='ltr'><strong>fignificabant</strong></span> <span class='ocrx_word' id='word_1_359' title='bbox 1019 2317 1276 2381; x_wconf 90' lang='lat' dir='ltr'><strong>splendores</strong></span> <span class='ocrx_word' id='word_1_360' title='bbox 1300 2319 1381 2381; x_wconf 89' lang='lat' dir='ltr'><strong>qui</strong></span> <span class='ocrx_word' id='word_1_361' title='bbox 1404 2319 1520 2365; x_wconf 90' lang='lat' dir='ltr'><strong>veris</strong></span> <span class='ocrx_word' id='word_1_362' title='bbox 1543 2332 1601 2365; x_wconf 84' lang='lat' dir='ltr'><strong>ex</strong></span> <span class='ocrx_word' id='word_1_363' title='bbox 1625 2319 1764 2372; x_wconf 80' lang='lat' dir='ltr'><strong>bone,</strong></span> <span class='ocrx_word' id='word_1_364' title='bbox 1799 2315 2079 2379; x_wconf 74' lang='lat' dir='ltr'><strong>quae&#39;etiam</strong></span> <span class='ocrx_word' id='word_1_365' title='bbox 2118 2313 2225 2360; x_wconf 88' lang='lat' dir='ltr'><strong>ideo</strong></span> <span class='ocrx_word' id='word_1_366' title='bbox 2261 2328 2347 2359; x_wconf 87' lang='lat' dir='ltr'><strong>vo·</strong></span> 
     </span>
     <span class='ocr_line' id='line_1_33' title="bbox 372 2379 2345 2448; baseline -0.001 -20"><span class='ocrx_word' id='word_1_367' title='bbox 372 2387 531 2429; x_wconf 88' lang='lat' dir='ltr'><strong>cantur</strong></span> <span class='ocrx_word' id='word_1_368' title='bbox 569 2380 686 2430; x_wconf 82' lang='lat' dir='ltr'><strong>faces</strong></span> <span class='ocrx_word' id='word_1_369' title='bbox 728 2383 798 2430; x_wconf 86' lang='lat' dir='ltr'><strong>seu</strong></span> <span class='ocrx_word' id='word_1_370' title='bbox 839 2383 1076 2438; x_wconf 77' lang='lat' dir='ltr'><strong>flammae3</strong></span> <span class='ocrx_word' id='word_1_371' title='bbox 1125 2385 1253 2448; x_wconf 91' lang='lat' dir='ltr'><strong>quod</strong></span> <span class='ocrx_word' id='word_1_372' title='bbox 1292 2383 1603 2432; x_wconf 65' lang='lat' dir='ltr'><strong>flammaefint</strong></span> <span class='ocrx_word' id='word_1_373' title='bbox 1628 2383 1802 2432; x_wconf 83' lang='lat' dir='ltr'><strong>Divina</strong></span> <span class='ocrx_word' id='word_1_374' title='bbox 1826 2383 1946 2431; x_wconf 84' lang='lat' dir='ltr'><strong>Vera</strong></span> <span class='ocrx_word' id='word_1_375' title='bbox 1971 2379 2264 2444; x_wconf 82' lang='lat' dir='ltr'><strong>procedentia</strong></span> <span class='ocrx_word' id='word_1_376' title='bbox 2286 2391 2345 2427; x_wconf 80' lang='lat' dir='ltr'><strong>ex</strong></span> 
     </span>
     <span class='ocr_line' id='line_1_34' title="bbox 377 2448 2291 2513; baseline 0.003 -16"><span class='ocrx_word' id='word_1_377' title='bbox 377 2448 556 2497; x_wconf 87' lang='lat' dir='ltr'><strong>Divino</strong></span> <span class='ocrx_word' id='word_1_378' title='bbox 579 2449 711 2497; x_wconf 91' lang='lat' dir='ltr'><strong>Bono</strong></span> <span class='ocrx_word' id='word_1_379' title='bbox 734 2450 947 2506; x_wconf 89' lang='lat' dir='ltr'><strong>Domini,</strong></span> <span class='ocrx_word' id='word_1_380' title='bbox 984 2450 1188 2498; x_wconf 86' lang='lat' dir='ltr'><strong>videatur</strong></span> <span class='ocrx_word' id='word_1_381' title='bbox 1213 2467 1269 2499; x_wconf 85' lang='lat' dir='ltr'><strong>n:</strong></span> <span class='ocrx_word' id='word_1_382' title='bbox 1296 2452 1443 2513; x_wconf 82' lang='lat'><strong>6832.</strong></span> <span class='ocrx_word' id='word_1_383' title='bbox 1917 2458 1929 2465; x_wconf 88' lang='lat'><strong><em>‘</em></strong></span> <span class='ocrx_word' id='word_1_384' title='bbox 2289 2481 2291 2484; x_wconf 87' lang='grc'><em>·</em></span> 
     </span>
     <span class='ocr_line' id='line_1_35' title="bbox 444 2512 2343 2583; baseline -0.002 -20"><span class='ocrx_word' id='word_1_385' title='bbox 444 2519 585 2577; x_wconf 87' lang='lat'>8915.</span> <span class='ocrx_word' id='word_1_386' title='bbox 640 2515 704 2563; x_wconf 90' lang='lat' dir='ltr'><strong>Et</strong></span> <span class='ocrx_word' id='word_1_387' title='bbox 750 2532 909 2568; x_wconf 84' lang='lat' dir='ltr'><strong>vocem</strong></span> <span class='ocrx_word' id='word_1_388' title='bbox 945 2516 1164 2574; x_wconf 80' lang='lat' dir='ltr'><strong>buccinae,</strong></span> <span class='ocrx_word' id='word_1_389' title='bbox 1199 2518 1325 2583; x_wconf 89' lang='lat' dir='ltr'><strong>quod</strong></span> <span class='ocrx_word' id='word_1_390' title='bbox 1365 2517 1588 2581; x_wconf 73' lang='lat' dir='ltr'><strong>significet</strong></span> <span class='ocrx_word' id='word_1_391' title='bbox 1625 2516 1785 2571; x_wconf 83' lang='lat' dir='ltr'><strong>eadem</strong></span> <span class='ocrx_word' id='word_1_392' title='bbox 1814 2529 1908 2578; x_wconf 70' lang='lat' dir='ltr'><strong>,per</strong></span> <span class='ocrx_word' id='word_1_393' title='bbox 1946 2512 2136 2570; x_wconf 82' lang='lat' dir='ltr'><strong>coelum,</strong></span> <span class='ocrx_word' id='word_1_394' title='bbox 2173 2527 2343 2576; x_wconf 88' lang='lat' dir='ltr'><strong>nempe</strong></span> 
     </span>
     <span class='ocr_line' id='line_1_36' title="bbox 370 2579 2346 2646; baseline -0.001 -18"><span class='ocrx_word' id='word_1_395' title='bbox 370 2581 542 2628; x_wconf 88' lang='lat' dir='ltr'><strong>Divina</strong></span> <span class='ocrx_word' id='word_1_396' title='bbox 567 2581 681 2628; x_wconf 87' lang='lat' dir='ltr'><strong>Vera</strong></span> <span class='ocrx_word' id='word_1_397' title='bbox 705 2598 760 2629; x_wconf 83' lang='lat' dir='ltr'><strong>ex</strong></span> <span class='ocrx_word' id='word_1_398' title='bbox 786 2583 924 2639; x_wconf 89' lang='lat' dir='ltr'><strong>bon0,</strong></span> <span class='ocrx_word' id='word_1_399' title='bbox 961 2584 1134 2631; x_wconf 87' lang='lat' dir='ltr'><strong>constat</strong></span> <span class='ocrx_word' id='word_1_400' title='bbox 1157 2600 1215 2631; x_wconf 87' lang='lat' dir='ltr'><strong>ex</strong></span> <span class='ocrx_word' id='word_1_401' title='bbox 1238 2584 1566 2646; x_wconf 83' lang='lat' dir='ltr'><strong>significatione</strong></span> <span class='ocrx_word' id='word_1_402' title='bbox 1587 2584 1709 2630; x_wconf 82' lang='lat' dir='ltr'><strong>vocis</strong></span> <span class='ocrx_word' id='word_1_403' title='bbox 1734 2583 1954 2637; x_wconf 86' lang='lat' dir='ltr'><strong>buccinae,</strong></span> <span class='ocrx_word' id='word_1_404' title='bbox 1989 2579 2115 2644; x_wconf 87' lang='lat' dir='ltr'><strong>quod</strong></span> <span class='ocrx_word' id='word_1_405' title='bbox 2135 2579 2189 2627; x_wconf 78' lang='lat' dir='ltr'><strong>sit</strong></span> <span class='ocrx_word' id='word_1_406' title='bbox 2206 2579 2346 2627; x_wconf 79' lang='lat' dir='ltr'><strong>status</strong></span> 
     </span>
     <span class='ocr_line' id='line_1_37' title="bbox 370 2645 2344 2715; baseline -0.002 -21"><span class='ocrx_word' id='word_1_407' title='bbox 370 2647 481 2694; x_wconf 88' lang='lat' dir='ltr'><strong>coeli</strong></span> <span class='ocrx_word' id='word_1_408' title='bbox 505 2647 697 2708; x_wconf 88' lang='lat' dir='ltr'><strong>angelici</strong></span> <span class='ocrx_word' id='word_1_409' title='bbox 721 2649 847 2712; x_wconf 83' lang='lat' dir='ltr'><strong>quod</strong></span> <span class='ocrx_word' id='word_1_410' title='bbox 873 2650 1045 2698; x_wconf 88' lang='lat' dir='ltr'><strong>circum</strong></span> <span class='ocrx_word' id='word_1_411' title='bbox 1073 2651 1322 2706; x_wconf 90' lang='lat' dir='ltr'><strong>Divinum,</strong></span> <span class='ocrx_word' id='word_1_412' title='bbox 1363 2652 1415 2698; x_wconf 81' lang='lat'>&amp;</span> <span class='ocrx_word' id='word_1_413' title='bbox 1438 2649 1565 2715; x_wconf 89' lang='lat' dir='ltr'><strong>quod</strong></span> <span class='ocrx_word' id='word_1_414' title='bbox 1586 2651 1649 2698; x_wconf 82' lang='lat' dir='ltr'><strong>..fit</strong></span> <span class='ocrx_word' id='word_1_415' title='bbox 1670 2651 1848 2697; x_wconf 88' lang='lat' dir='ltr'><strong>Verum</strong></span> <span class='ocrx_word' id='word_1_416' title='bbox 1876 2646 2102 2695; x_wconf 81' lang='lat' dir='ltr'><strong>Divinum</strong></span> <span class='ocrx_word' id='word_1_417' title='bbox 2125 2645 2248 2702; x_wconf 89' lang='lat' dir='ltr'><strong>inde,</strong></span> <span class='ocrx_word' id='word_1_418' title='bbox 2284 2646 2344 2691; x_wconf 86' lang='lat' dir='ltr'><strong>de</strong></span> 
     </span>
     <span class='ocr_line' id='line_1_38' title="bbox 371 2711 2342 2781; baseline -0.001 -22"><span class='ocrx_word' id='word_1_419' title='bbox 371 2729 461 2777; x_wconf 82' lang='lat' dir='ltr'><strong>qua</strong></span> <span class='ocrx_word' id='word_1_420' title='bbox 485 2729 511 2760; x_wconf 91' lang='lat' dir='ltr'><strong>n</strong></span> <span class='ocrx_word' id='word_1_421' title='bbox 533 2730 543 2759; x_wconf 93' lang='lat'>:</span> <span class='ocrx_word' id='word_1_422' title='bbox 573 2716 712 2776; x_wconf 87' lang='lat'>8815.</span> <span class='ocrx_word' id='word_1_423' title='bbox 738 2718 863 2777; x_wconf 81' lang='lat'>8823</span> <span class='ocrx_word' id='word_1_424' title='bbox 886 2736 900 2768; x_wconf 86' lang='lat'><strong>·,</strong></span> <span class='ocrx_word' id='word_1_425' title='bbox 936 2732 992 2762; x_wconf 88' lang='lat' dir='ltr'><strong>ex</strong></span> <span class='ocrx_word' id='word_1_426' title='bbox 1016 2717 1180 2780; x_wconf 87' lang='lat' dir='ltr'><strong>quibus</strong></span> <span class='ocrx_word' id='word_1_427' title='bbox 1201 2717 1400 2779; x_wconf 74' lang='lat' dir='ltr'><strong>constare</strong></span> <span class='ocrx_word' id='word_1_428' title='bbox 1425 2716 1587 2781; x_wconf 89' lang='lat' dir='ltr'><strong>potest,</strong></span> <span class='ocrx_word' id='word_1_429' title='bbox 1612 2715 1722 2780; x_wconf 91' lang='lat' dir='ltr'><strong>quid</strong></span> <span class='ocrx_word' id='word_1_430' title='bbox 1748 2714 2025 2775; x_wconf 78' lang='lat' dir='ltr'><strong>significatur</strong></span> <span class='ocrx_word' id='word_1_431' title='bbox 2048 2712 2128 2776; x_wconf 88' lang='lat' dir='ltr'><strong>per</strong></span> <span class='ocrx_word' id='word_1_432' title='bbox 2147 2711 2342 2759; x_wconf 86' lang='lat' dir='ltr'><strong>Domini</strong></span> 
     </span>
     <span class='ocr_line' id='line_1_39' title="bbox 369 2775 2343 2843; baseline -0.001 -18"><span class='ocrx_word' id='word_1_433' title='bbox 369 2779 523 2834; x_wconf 87' lang='lat' dir='ltr'><strong>verba,</strong></span> <span class='ocrx_word' id='word_1_434' title='bbox 576 2780 654 2826; x_wconf 83' lang='lat' dir='ltr'><strong>ubi</strong></span> <span class='ocrx_word' id='word_1_435' title='bbox 702 2780 759 2827; x_wconf 91' lang='lat' dir='ltr'><strong>de</strong></span> <span class='ocrx_word' id='word_1_436' title='bbox 795 2781 1198 2830; x_wconf 83' lang='lat' dir='ltr'><strong>Consummatione</strong></span> <span class='ocrx_word' id='word_1_437' title='bbox 1236 2782 1407 2843; x_wconf 64' lang='lat' dir='ltr'><strong>saecu-li=</strong></span> <span class='ocrx_word' id='word_1_438' title='bbox 1434 2783 1510 2830; x_wconf 86' lang='lat' dir='ltr'><strong>seu</strong></span> <span class='ocrx_word' id='word_1_439' title='bbox 1559 2781 1617 2829; x_wconf 88' lang='lat' dir='ltr'><strong>de</strong></span> <span class='ocrx_word' id='word_1_440' title='bbox 1657 2781 1830 2829; x_wconf 86' lang='lat' dir='ltr'><strong>ultimo</strong></span> <span class='ocrx_word' id='word_1_441' title='bbox 1875 2792 2082 2843; x_wconf 86' lang='lat' dir='ltr'><strong>tempore</strong></span> <span class='ocrx_word' id='word_1_442' title='bbox 2129 2775 2343 2825; x_wconf 76' lang='lat' dir='ltr'><strong>Ecclefiae</strong></span> 
     </span>
     <span class='ocr_line' id='line_1_40' title="bbox 375 2843 2341 2911; baseline 0.004 -20"><span class='ocrx_word' id='word_1_443' title='bbox 375 2845 600 2909; x_wconf 69' lang='lat' dir='ltr'><strong>praedicit,</strong></span> <span class='ocrx_word' id='word_1_444' title='bbox 636 2847 759 2908; x_wconf 89' lang='lat' dir='ltr'><strong>quod</strong></span> <span class='ocrx_word' id='word_1_445' title='bbox 786 2859 894 2894; x_wconf 89' lang='lat' dir='ltr'><strong>tunc</strong></span> <span class='ocrx_word' id='word_1_446' title='bbox 914 2849 1146 2896; x_wconf 84' lang='lat' dir='ltr'><strong>Dominus</strong></span> <span class='ocrx_word' id='word_1_447' title='bbox 1165 2849 1370 2897; x_wconf 78' lang='lat' dir='ltr'><strong>missurus</strong></span> <span class='ocrx_word' id='word_1_448' title='bbox 1389 2848 1440 2896; x_wconf 76' lang='lat' dir='ltr'><strong>fit</strong></span> <span class='ocrx_word' id='word_1_449' title='bbox 1459 2847 1668 2911; x_wconf 72' lang='lat' dir='ltr'><strong>Angelos</strong></span> <span class='ocrx_word' id='word_1_450' title='bbox 1683 2863 1783 2895; x_wconf 68' lang='lat' dir='ltr'><strong>cum</strong></span> <span class='ocrx_word' id='word_1_451' title='bbox 1806 2845 1920 2894; x_wconf 80' lang='lat' dir='ltr'><strong>tubae</strong></span> <span class='ocrx_word' id='word_1_452' title='bbox 1939 2861 2042 2893; x_wconf 86' lang='lat' dir='ltr'><strong>voce</strong></span> <span class='ocrx_word' id='word_1_453' title='bbox 2060 2858 2231 2907; x_wconf 77' lang='lat' dir='ltr'><strong>magna,</strong></span> <span class='ocrx_word' id='word_1_454' title='bbox 2258 2843 2341 2907; x_wconf 62' lang='lat' dir='ltr'><strong>q&#39;ui</strong></span> 
     </span>
     <span class='ocr_line' id='line_1_41' title="bbox 370 2912 2341 2980; baseline -0.003 -21"><span class='ocrx_word' id='word_1_455' title='bbox 370 2914 719 2975; x_wconf 85' lang='lat' dir='ltr'><strong>congregabunt</strong></span> <span class='ocrx_word' id='word_1_456' title='bbox 742 2913 909 2961; x_wconf 61' lang='lat' dir='ltr'><strong>eleetos</strong></span> <span class='ocrx_word' id='word_1_457' title='bbox 932 2915 1080 2978; x_wconf 80' lang='lat' dir='ltr'><strong>Ipsius</strong></span> <span class='ocrx_word' id='word_1_458' title='bbox 1102 2931 1126 2963; x_wconf 89' lang='lat' dir='ltr'><strong>a</strong></span> <span class='ocrx_word' id='word_1_459' title='bbox 1149 2928 1347 2980; x_wconf 87' lang='lat' dir='ltr'><strong>quatuor</strong></span> <span class='ocrx_word' id='word_1_460' title='bbox 1379 2918 1528 2963; x_wconf 87' lang='lat' dir='ltr'><strong>ventis</strong></span> <span class='ocrx_word' id='word_1_461' title='bbox 1546 2915 1577 2938; x_wconf 75' lang='lat'><strong>&#39;⁹</strong></span> <span class='ocrx_word' id='word_1_462' title='bbox 1615 2914 1802 2962; x_wconf 86' lang='lat' dir='ltr'><strong>Matth:</strong></span> <span class='ocrx_word' id='word_1_463' title='bbox 1827 2926 1956 2960; x_wconf 78' lang='lat' dir='ltr'><strong>xxiv</strong></span> <span class='ocrx_word' id='word_1_464' title='bbox 1978 2928 1989 2957; x_wconf 90' lang='lat'>:</span> <span class='ocrx_word' id='word_1_465' title='bbox 2017 2927 2069 2972; x_wconf 83' lang='lat'><strong>31</strong></span> <span class='ocrx_word' id='word_1_466' title='bbox 2099 2929 2116 2963; x_wconf 77' lang='lat'>3</span> <span class='ocrx_word' id='word_1_467' title='bbox 2140 2912 2222 2971; x_wconf 82' lang='lat' dir='ltr'><strong>qui</strong></span> <span class='ocrx_word' id='word_1_468' title='bbox 2247 2924 2341 2956; x_wconf 90' lang='lat' dir='ltr'><strong>non</strong></span> 
     </span>
     <span class='ocr_line' id='line_1_42' title="bbox 372 2975 2344 3047; baseline -0.002 -22"><span class='ocrx_word' id='word_1_469' title='bbox 372 2978 452 3026; x_wconf 89' lang='lat' dir='ltr'><strong>scit</strong></span> <span class='ocrx_word' id='word_1_470' title='bbox 475 2979 603 3042; x_wconf 90' lang='lat' dir='ltr'><strong>quod</strong></span> <span class='ocrx_word' id='word_1_471' title='bbox 627 2979 783 3025; x_wconf 84' lang='lat' dir='ltr'><strong>omnia</strong></span> <span class='ocrx_word' id='word_1_472' title='bbox 806 2981 941 3028; x_wconf 85' lang='lat' dir='ltr'><strong>verba</strong></span> <span class='ocrx_word' id='word_1_473' title='bbox 965 2982 1159 3029; x_wconf 87' lang='lat' dir='ltr'><strong>Domini</strong></span> <span class='ocrx_word' id='word_1_474' title='bbox 1183 2981 1317 3029; x_wconf 86' lang='lat' dir='ltr'><strong>etiam</strong></span> <span class='ocrx_word' id='word_1_475' title='bbox 1332 2983 1457 3030; x_wconf 80' lang='lat' dir='ltr'><strong>-intus</strong></span> <span class='ocrx_word' id='word_1_476' title='bbox 1478 2982 1522 3028; x_wconf 92' lang='lat' dir='ltr'><strong>in</strong></span> <span class='ocrx_word' id='word_1_477' title='bbox 1543 2981 1585 3028; x_wconf 90' lang='lat' dir='ltr'><strong>se</strong></span> <span class='ocrx_word' id='word_1_478' title='bbox 1604 2981 1849 3029; x_wconf 88' lang='lat' dir='ltr'><strong>recondant</strong></span> <span class='ocrx_word' id='word_1_479' title='bbox 1866 2975 2065 3025; x_wconf 88' lang='lat' dir='ltr'><strong>coelestia</strong></span> <span class='ocrx_word' id='word_1_480' title='bbox 2083 2975 2137 3047; x_wconf 34' lang='grc' dir='ltr'><strong>δι’</strong></span> <span class='ocrx_word' id='word_1_481' title='bbox 2152 2975 2344 3031; x_wconf 85' lang='lat' dir='ltr'><strong>Divina,</strong></span> 
     </span>
     <span class='ocr_line' id='line_1_43' title="bbox 371 3040 2344 3111; baseline 0 -21"><span class='ocrx_word' id='word_1_482' title='bbox 371 3044 456 3091; x_wconf 90' lang='lat' dir='ltr'><strong>hoc</strong></span> <span class='ocrx_word' id='word_1_483' title='bbox 481 3045 558 3102; x_wconf 86' lang='lat' dir='ltr'><strong>est,</strong></span> <span class='ocrx_word' id='word_1_484' title='bbox 596 3045 722 3108; x_wconf 91' lang='lat' dir='ltr'><strong>quod</strong></span> <span class='ocrx_word' id='word_1_485' title='bbox 747 3044 894 3092; x_wconf 88' lang='lat' dir='ltr'><strong>sensus</strong></span> <span class='ocrx_word' id='word_1_486' title='bbox 918 3046 1115 3096; x_wconf 86' lang='lat' dir='ltr'><strong>internus</strong></span> <span class='ocrx_word' id='word_1_487' title='bbox 1138 3048 1225 3096; x_wconf 89' lang='lat' dir='ltr'><strong>illis</strong></span> <span class='ocrx_word' id='word_1_488' title='bbox 1250 3047 1365 3103; x_wconf 87' lang='lat' dir='ltr'><strong>infit,</strong></span> <span class='ocrx_word' id='word_1_489' title='bbox 1400 3048 1580 3096; x_wconf 87' lang='lat' dir='ltr'><strong>credent</strong></span> <span class='ocrx_word' id='word_1_490' title='bbox 1600 3048 1727 3111; x_wconf 89' lang='lat' dir='ltr'><strong>quod</strong></span> <span class='ocrx_word' id='word_1_491' title='bbox 1750 3061 1857 3097; x_wconf 87' lang='lat' dir='ltr'><strong>curn</strong></span> <span class='ocrx_word' id='word_1_492' title='bbox 1885 3041 2101 3090; x_wconf 89' lang='lat' dir='ltr'><strong>ultimum</strong></span> <span class='ocrx_word' id='word_1_493' title='bbox 2123 3040 2344 3104; x_wconf 73' lang='lat' dir='ltr'><strong>judicium</strong></span> 
     </span>
     <span class='ocr_line' id='line_1_44' title="bbox 371 3107 2343 3175; baseline -0.002 -18"><span class='ocrx_word' id='word_1_494' title='bbox 371 3110 519 3166; x_wconf 90' lang='lat' dir='ltr'><strong>instat,</strong></span> <span class='ocrx_word' id='word_1_495' title='bbox 555 3111 801 3174; x_wconf 78' lang='lat' dir='ltr'><strong>apparituri</strong></span> <span class='ocrx_word' id='word_1_496' title='bbox 823 3113 912 3160; x_wconf 20' lang='lat' dir='ltr'><strong>*sint</strong></span> <span class='ocrx_word' id='word_1_497' title='bbox 939 3115 1135 3175; x_wconf 85' lang='lat' dir='ltr'><strong>Angeli,</strong></span> <span class='ocrx_word' id='word_1_498' title='bbox 1170 3116 1227 3162; x_wconf 86' lang='lat'><strong>-&amp;</strong></span> <span class='ocrx_word' id='word_1_499' title='bbox 1250 3114 1556 3162; x_wconf 84' lang='lat' dir='ltr'><strong>annuntiaturi</strong></span> <span class='ocrx_word' id='word_1_500' title='bbox 1584 3113 1714 3170; x_wconf 88' lang='lat' dir='ltr'><strong>illud,</strong></span> <span class='ocrx_word' id='word_1_501' title='bbox 1750 3114 1800 3160; x_wconf 77' lang='grc' dir='ltr'><strong>δε</strong></span> <span class='ocrx_word' id='word_1_502' title='bbox 1822 3123 2006 3174; x_wconf 81' lang='lat' dir='ltr'><strong>quoque</strong></span> <span class='ocrx_word' id='word_1_503' title='bbox 2029 3107 2343 3172; x_wconf 83' lang='lat' dir='ltr'><strong>congregaturi</strong></span> 
     </span>
     <span class='ocr_line' id='line_1_45' title="bbox 367 3174 2345 3246; baseline -0.002 -22"><span class='ocrx_word' id='word_1_504' title='bbox 367 3176 534 3237; x_wconf 70' lang='lat' dir='ltr'><strong>elestos</strong></span> <span class='ocrx_word' id='word_1_505' title='bbox 556 3193 662 3226; x_wconf 86' lang='lat' dir='ltr'><strong>cum</strong></span> <span class='ocrx_word' id='word_1_506' title='bbox 687 3183 808 3227; x_wconf 37' lang='lat' dir='ltr'><strong>voce*</strong></span> <span class='ocrx_word' id='word_1_507' title='bbox 836 3179 994 3235; x_wconf 79' lang='lat' dir='ltr'><strong>tubae3</strong></span> <span class='ocrx_word' id='word_1_508' title='bbox 1047 3179 1119 3231; x_wconf 87' lang='lat' dir='ltr'><strong>sed</strong></span> <span class='ocrx_word' id='word_1_509' title='bbox 1161 3181 1289 3245; x_wconf 84' lang='lat' dir='ltr'><strong>quod</strong></span> <span class='ocrx_word' id='word_1_510' title='bbox 1326 3196 1406 3246; x_wconf 84' lang='lat' dir='ltr'><strong>per</strong></span> <span class='ocrx_word' id='word_1_511' title='bbox 1445 3195 1606 3230; x_wconf 88' lang='lat' dir='ltr'><strong>vocem</strong></span> <span class='ocrx_word' id='word_1_512' title='bbox 1642 3180 1769 3234; x_wconf 83' lang='lat' dir='ltr'><strong>tubae</strong></span> <span class='ocrx_word' id='word_1_513' title='bbox 1803 3176 1876 3225; x_wconf 89' lang='lat' dir='ltr'><strong>seu</strong></span> <span class='ocrx_word' id='word_1_514' title='bbox 1913 3174 2114 3223; x_wconf 85' lang='lat' dir='ltr'><strong>buccinae</strong></span> <span class='ocrx_word' id='word_1_515' title='bbox 2147 3175 2210 3221; x_wconf 87' lang='lat' dir='ltr'><strong>ibi</strong></span> <span class='ocrx_word' id='word_1_516' title='bbox 2251 3190 2345 3221; x_wconf 87' lang='lat' dir='ltr'><strong>non</strong></span> 
     </span>
    </p>
   </div>
   <div class='ocr_carea' id='block_1_7' title="bbox 583 3240 2421 3304">
    <p class='ocr_par' dir='ltr' id='par_1_8' title="bbox 583 3240 2421 3304">
     <span class='ocr_line' id='line_1_46' title="bbox 583 3240 2421 3304; baseline 0.001 -20"><span class='ocrx_word' id='word_1_517' title='bbox 583 3255 615 3284; x_wconf 60' lang='lat' dir='ltr'><strong>va</strong></span> <span class='ocrx_word' id='word_1_518' title='bbox 2144 3249 2146 3252; x_wconf 80' lang='grc'>’</span> <span class='ocrx_word' id='word_1_519' title='bbox 2180 3240 2345 3304; x_wconf 55' lang='lat' dir='ltr'><strong>intellif</strong></span> <span class='ocrx_word' id='word_1_520' title='bbox 2419 3274 2421 3277; x_wconf 84' lang='grc'>-</span> 
     </span>
    </p>
   </div>
   <div class='ocr_carea' id='block_1_8' title="bbox 1380 3404 1407 3433">
    <p class='ocr_par' dir='ltr' id='par_1_9' title="bbox 1380 3404 1407 3433">
     <span class='ocr_line' id='line_1_47' title="bbox 1380 3404 1407 3433; baseline 0 0"><span class='ocrx_word' id='word_1_521' title='bbox 1380 3404 1407 3433; x_wconf 51' lang='grc' dir='ltr'><strong>,ἐῢ</strong></span> 
     </span>
    </p>
   </div>
  </div>
 </body>
</html>
