2722 3684
621 91 923 192 CAPUT
965 124 1461 199 VIGESJMUM
1507 118 1962 202 TERTIUM.
2155 88 2289 214 389

305 249 504 313 quillum
519 249 710 312 boniset
730 247 1060 310 veris.e;zterni5
1085 246 1218 308 fimul
1240 263 1250 293 :
1273 247 1323 294 δι
1339 244 1530 310 *respiret
1545 243 1689 302 filius,
1707 241 1876 289 ancillae
1894 254 1987 292 tuae
2010 243 2058 293 δι
2084 249 2293 313 peregri-

309 332 422 374 rrus,'
452 309 678 382 'fignificat
702 313 867 374 statum
893 313 1004 370 vitae
1029 313 1212 360 illorum
1230 313 1311 377 'qui
1337 311 1381 359 in
1406 312 1521 370 veris
1547 310 1594 367 &
1617 309 1747 357 bonis
1770 321 1893 355 extra
1914 310 2195 371 Ecclefiam13
2230 316 2282 365 δε

308 398 448 430 omne
466 375 590 446 quod
610 379 704 441 dixi
730 380 784 426 ad
802 395 884 427 vos
908 379 1184 441 custodietis,
1211 377 1429 442 fignificat
1452 375 1574 442 quod
1590 386 1846 443 “praecepta,
1866 373 2036 438 judicia
2052 379 2100 426 &
2117 379 2280 440 statuta

310 447 510 496 facienda
529 446 638 493 fint:
688 445 738 492 ὅτ
764 449 930 493 nomen
956 445 1149 505 deorum
1173 446 1367 493 aliorum
1394 459 1486 492 non
1513 441 1844 497 memorantis,
1896 441 2118 504 fignificat
2149 448 2279 510 quod

309 530 402 562 non
436 511 733 574 cogitandum
774 527 831 573 ex
868 511 1075 558 doctrina
1114 510 1206 558 falfi
1228 529 1239 558 :
1290 525 1382 559 non
1423 509 1634 558 audietur
1650 507 1779 573 super
1803 521 1880 565 ore
1905 518 2006 566 tuo,
2059 511 2281 574 fignificat

308 579 433 644 quod
457 577 767 638 obediendum
793 577 886 625 ulla
907 577 1225 626 affirmatione.
1440 633 1444 636 ⁴
1718 611 1722 614 <

378 659 520 708 9272.
562 646 650 692 Sex
687 644 814 690 annis
847 643 957 690 seres
977 644 1162 701 terram,
1200 642 1323 707 quod
1351 642 1569 706 significet
1595 639 1757 695 statum
1778 639 1983 702 primum
2003 656 2112 690 cum
2135 642 2280 692 homo
2336 641 2345 646 “

312 708 527 758 Ecclefiae
546 709 774 771 instruitur
799 711 843 757 in
868 707 984 756 veris
1009 711 1056 757 δε
1082 711 1211 757 bonis
1232 709 1356 764 fidei,
1411 706 1585 756 constat
1608 722 1665 755 ex
1684 706 2008 769 significatione
2032 707 2104 756 sex
2142 725 2285 758 anno-

311 793 432 831 rum,
451 776 648 843 quodrfit
663 776 796 822 status
817 775 1033 832 hominiS‚
1051 776 1130 838 qui
1149 789 1459 839 regeneratur,
1484 773 1677 838 primus,
1699 774 1756 836 de
1774 786 1865 835 qua
1887 771 2000 821 infra
2019 790 2046 820 n
2068 792 2078 820 :
2115 771 2251 837 9274¹
2270 797 2284 831 3

312 844 359 889 δι
386 858 440 891 ex
489 843 815 906 significatione
840 842 974 889 serere
1014 854 1194 898 terram,
1229 841 1354 906 quod
1380 842 1434 890 fit
1457 856 1563 888 cum
1605 838 1928 900 inseminantur
1963 854 2065 887 vera
2089 841 2137 888 δι
2163 841 2283 890 bona

312 909 416 955 fidei
439 928 453 962 ;
494 908 615 973 quod
643 908 779 955 serere
794 916 955 969 terram
980 907 1033 956 fit
1057 907 1187 964 illud,
1203 909 1266 954 est
1288 909 1391 970 quia
1414 906 1572 953 omnia
1590 921 1697 970 quae
1715 904 1822 963 „sunt
1845 902 1970 968 agri,'
2004 906 2214 968 sementis
2231 907 2283 955 δε

311 973 404 1034 ejus
428 986 678 1037 proventus
702 973 952 1037 significant
995 973 1100 1019 talia
1124 984 1230 1037 quae
1255 973 1353 1019 sunt
1378 971 1595 1020 Ecclefiae
1630 973 1677 1018 in
1701 971 1958 1026 communi,
1983 971 2031 1018 ὅτ
2057 988 2164 1036 quae
2185 973 2285 1022 sunt

315 1040 516 1088 hominis
538 1039 750 1088 Ecclefiae
775 1045 818 1085 in
845 1037 1117 1103 particulari,
1173 1038 1251 1101 qui
1277 1037 1341 1084 est
1376 1038 1519 1086 homo
1543 1049 1826 1098 regeneratus
1867 1051 1947 1098 per
1982 1053 2142 1085 verum
2179 1038 2286 1088 fidei

314 1107 364 1153 &
385 1100 554 1152 bonum
579 1104 804 1152 charitatis
822 1121 848 1164 a
873 1105 1079 1162 Domino
1104 1125 1118 1158 ;
1161 1103 1266 1152 inde
1289 1103 1352 1151 est
1368 1103 1491 1167 quod
1512 1117 1619 1165 ager
1637 1103 1687 1150 ὅτ
1711 1101 1879 1149 humus
1904 1101 1948 1148 in
1975 1101 2129 1151 Verbo
2151 1105 2287 1168 figni-

312 1172 448 1219 ficent
467 1169 566 1219 illos
587 1172 632 1218 in
658 1170 881 1227 Ecclefia,
935 1172 1016 1234 qui
1043 1171 1258 1233 recipiant
1282 1185 1383 1217 vera
1407 1171 1457 1233 ὃς
1482 1169 1601 1216 bona
1626 1167 1750 1224 fidei,
1799 1165 1907 1214 ficut
1945 1182 2049 1231 ager
2087 1169 2285 1218 semina:

313 1250 591 1301 quapropter
607 1238 744 1286 etiam
770 1236 814 1284 in
829 1236 985 1283 Verbo
1010 1236 1178 1301 pluries
1203 1249 1482 1284 memoratur
1515 1250 1637 1298 ager,
1659 1233 1828 1288 semen,
1855 1232 2081 1290 sementis,
2119 1239 2286 1295 meffis,

313 1317 578 1366 proventuS,
604 1303 884 1351 frumentum
905 1303 951 1349 &
973 1303 1192 1359 triticum,
1208 1303 1257 1350 &
1277 1301 1381 1349 inde
1399 1301 1547 1366 panis,
1561 1312 1725 1365 praeter
1740 1298 1910 1364 reliqua
1932 1317 2037 1364 quae
2056 1301 2156 1350 sunt
2173 1303 2287 1366 agri.

316 1370 415 1432 Qi
441 1385 532 1418 non
557 1369 634 1417 scit
656 1369 901 1432 quomodo
924 1370 966 1415 se
985 1368 1117 1425 habet
1135 1384 1239 1415 cum
1262 1367 1374 1415 statu
1402 1369 1529 1425 coeli,
1567 1382 1658 1414 non
1678 1366 1806 1413 aliter
1829 1366 1971 1414 credit
1994 1383 2133 1431 quam
2157 1370 2287 1433 quod

314 1436 408 1482 illas
428 1436 472 1482 in
489 1436 647 1484 Verbo
672 1435 819 1485 solum
844 1435 1137 1498 loquutiones‘
1157 1434 1510 1498 methaphoricae
1529 1448 1576 1480 ac
1600 1430 1958 1496 comparationes
1973 1433 2074 1489 lint,
2095 1434 2166 1481 sed
2187 1435 2290 1483 sunt

313 1501 447 1550 reales
469 1500 880 1564 correspondentiae
900 1522 913 1554 ·,
949 1501 1133 1564 quando
1151 1503 1274 1548 enim
1298 1501 1471 1562 angelis
1488 1499 1551 1548 est
1574 1498 1723 1557 sermo
1747 1498 1805 1545 de
1824 1500 2164 1560 regeneratione
2206 1501 2289 1550 ho·-

318 1568 450 1614 minis
473 1583 498 1615 a
521 1567 727 1615 Domino
749 1582 830 1630 per
854 1581 958 1614 vera
983 1566 1088 1614 fidei
1115 1567 1161 1613 &
1190 1566 1572 1622 bona'charitatis,
1622 1577 1729 1612 tunc
1753 1563 1863 1610 infra
1896 1565 1941 1610 in
1969 1567 2147 1614 mundo
2164 1567 2290 1630 spiri-

317 1645 453 1680 tuum
487 1634 707 1697 apparent
724 1633 840 1696 agri‘,
878 1633 982 1688 sata,
1009 1634 1202 1697 novalia,
1241 1634 1291 1681 δε
1314 1647 1496 1697 quoque
1521 1631 1676 1679 meffes
1704 1651 1720 1686 ·,
1757 1631 1806 1678 &
1831 1629 1919 1676 hoc
1942 1646 1999 1678 ex
2022 1632 2149 1679 causa
2180 1635 2291 1696 quia

311 1698 693 1764 correspondent:
749 1699 828 1762 qui
849 1698 1054 1757 hocscit,
1091 1700 1229 1757 etiam
1255 1699 1359 1747 scire
1382 1696 1546 1762 potest,
1582 1697 1709 1762 quod
1741 1695 1843 1744 talia
1866 1693 1913 1742 in
1939 1697 2115 1746 mundo
2138 1698 2303 1748 secun-

311 1766 427 1813 dum
452 1765 881 1828 Correspondentias
917 1777 1060 1812 creata
1085 1766 1168 1813 [int
1195 1786 1210 1820 ;
1248 1781 1350 1812 nam
1374 1764 1598 1813 Universa
1625 1763 1820 1819 Natura,
1857 1760 1945 1810 hoc
1974 1763 2056 1822 est,
2095 1765 2286 1814 Coelum

311 1846 420 1880 eum
446 1830 548 1888 sole,
588 1833 706 1888 luna,
743 1831 877 1887 astris,
915 1832 964 1893 ὃς
989 1831 1152 1878 Tellus
1173 1830 1507 1895 ,cumsubjeftis
1528 1831 1664 1890 trium
1691 1843 1934 1894 regnorum
1961 1831 2163 1888 suorum,
2188 1847 2290 1880 cor-

315 1898 586 1961 respondent
612 1898 769 1944 talibus
815 1912 923 1961 quae
947 1897 991 1944 in
1018 1897 1193 1945 mundo
1223 1897 1449 1964 spirituali
1475 1895 1591 1956 sunt,
1628 1912 1687 1944 n:
1727 1912 1886 1959 2993⁸<
1909 1897 2058 1956 5116.
2120 1913 2250 1962 5377
2272 1919 2299 1954 3„

316 1963 366 2010 &
405 1963 530 2028 quod
557 1963 614 2011 fic
640 1977 799 2025 natura
823 1963 873 2011 sit
896 1963 1119 2011 theatrum
1157 1963 1567 2028 tepraesentativum
1593 1962 1742 2024 Regni
1767 1960 1981 2020 Domini,
2020 1979 2048 2009 n
2071 1979 2082 2010 e
2121 1967 2248 2026 3483
2266 1970 2290 2020 ‘;

315 2031 365 2076 δε
387 2029 508 2093 quod
539 2030 641 2076 inde
668 2029 894 2089 subsistant
912 2029 1069 2089 omnia
1085 2045 1189 2092 quae
1209 2031 1252 2076 in
1274 2030 1450 2077 mundo
1470 2029 1678 2086 naturali,
1707 2045 1762 2074 n:
1802 2033 1947 2092 2987.
1969 2033 2111 2092 2989.
2141 2045 2287 2093 ²990·

319 2110 462 2158 297³·
501 2111 644 2156 3002.
685 2098 805 2144 8211
840 2111 849 2141 ε
885 2110 943 2142 ex
969 2096 1035 2143 his
1061 2108 1199 2158 patet,
1235 2097 1354 2144 unde
1371 2095 1434 2143 est
1456 2097 1580 2158 quod
1603 2094 1675 2142 illa
1699 2109 1804 2157 quae
1825 2097 1923 2143 sunt
1941 2094 2058 2157 agri,
2101 2095 2186 2142 hoc
2209 2095 2290 2151 est,

316 2176 422 2223 quae
448 2161 650 2209 seruntur
675 2162 717 2208 in
744 2161 917 2225 agro&
943 2174 1171 2223 metuntur
1195 2177 1251 2209 ex
1274 2178 1401 2225 agro,
1424 2159 1676 2223 significent
1692 2161 1791 2208 talia
1811 2177 1918 2226 quae
1943 2159 2046 2207 sunt
2072 2161 2288 2218 Ecclefiae

314 2226 358 2272 in
384 2228 690 2275 communi&
717 2227 760 2273 in
787 2227 1063 2294 particulari:
1089 2228 1212 2292 quod
1233 2230 1370 2288 eti-am
1391 2227 1750 2292 comparationes
1776 2227 1819 2274 in
1840 2227 1999 2275 Verbo
2019 2227 2101 2274 sint
2119 2243 2176 2274 ex
2197 2227 2284 2274 illis

315 2307 421 2355 quae
444 2289 782 2357 corrspondent,
807 2293 1016 2354 videatur
1041 2310 1068 2340 n
1091 2311 1101 2340 :
1139 2308 1282 2360 3579.
1324 2296 1465 2358 8989:
1503 2292 1646 2360 Qod
1674 2293 1813 2341 serere
1834 2307 1994 2348 terram
2016 2292 2086 2340 seu
2107 2309 2291 2356 agrum,

317 2358 371 2406 fit
393 2358 554 2406 docere
580 2360 627 2405 &
652 2359 816 2423 discere
842 2375 946 2407 vera
969 2360 1015 2407 &
1042 2360 1164 2414 bona
1179 2359 1410 2425 fideiquae
1434 2358 1663 2416 Ecclefiae,
1702 2361 1752 2418 &
1782 2359 1906 2424 quod
1927 2372 2172 2424 proventus
2208 2360 2309 2413 fint-

317 2423 436 2471 bona
464 2425 556 2488 veri
584 2425 705 2482 inde}
741 2424 938 2474 constare
974 2425 1122 2490 potest
1143 2441 1199 2473 ex
1235 2427 1438 2490 pluribus
1465 2426 1572 2484 locis
1596 2426 1642 2473 in
1667 2425 1856 2481 Verbo;
1893 2439 1941 2474 ut
1965 2425 2084 2488 apud
2111 2425 2291 2482 Esaiam

318 2497 352 2519 ‘⁶
390 2490 518 2554 Quia
541 2492 682 2539 oblita
706 2508 750 2540 es
777 2492 869 2539 Dei
896 2492 1046 2539 salutis
1065 2505 1175 2548 tuae,
1197 2506 1429 2556 propterea
1444 2491 1665 2553 plantabis
1679 2491 1853 2554 plantas
1860 2490 2158 2554 jucundarum
2181 2512 2195 2546 ς
2220 2491 2308 2540 sed,

314 2557 489 2618 palmite
510 2560 701 2605 extranei
717 2557 894 2620 conseres
910 2573 1000 2604 eam
1019 2579 1032 2612 ς
1058 2559 1102 2604 in
1121 2558 1196 2606 die
1213 2559 1409 2621 plantam
1434 2568 1552 2606 tuam
1574 2558 1752 2619 cchcere
1758 2558 1912 2620 facies,
1939 2558 1989 2604 ὅτ
2009 2573 2139 2614 mane
2150 2559 2306 2618 semen

317 2631 437 2670 tuum
461 2621 726 2682 afflorescere,
782 2638 959 2671 acervus
978 2637 1041 2671 me
1067 2641 1101 2671 ts
1121 2626 1166 2671 in
1192 2625 1265 2682 die
1286 2624 1588 2688 poffeffionis3
1624 2636 1666 2671 at
1686 2623 1819 2671 dolor
1839 2623 1924 2670 des
1917 2620 2131 2687 pera-tu?
2154 2638 2294 2671 xvir:

325 2706 343 2736 1
363 2706 402 2744 1,
440 2688 511 2734 hic
536 2689 636 2735 talia
658 2695 766 2753 quae
792 2688 920 2752 super
944 2689 1100 2738 tellure
1122 2692 1354 2748 crescunt,
1392 2703 1735 2745 memorantur·‚
1794 2689 1920 2754 quod
1947 2703 2101 2739 tamen
2147 2691 2299 2737 lancta

319 2752 534 2802 Ecclefiae
553 2770 631 2817 per
649 2755 721 2801 illa
745 2755 1074 2816 intelligantur,
1088 2769 1230 2820 patet,
1256 2773 1421 2822 nempe
1446 2772 1525 2821 per
1559 2757 1758 2820 plantare
1782 2756 1956 2820 plantas
1978 2754 2315 2820 jucundarum2„

319 2819 425 2866 talia
450 2835 554 2883 quae
580 2818 735 2868 favent
753 2820 1069 2871 affectionibus
1092 2844 1106 2876 ς
1141 2825 1191 2871 &
1215 2839 1296 2887 per
1321 2825 1509 2887 palmite
1534 2822 1732 2870 extranei
1757 2821 2196 2877 conserereterram,
2217 2822 2301 2869 do-

318 2901 419 2933 cere
448 2902 554 2933 vera
580 2903 668 2933 non
695 2903 905 2950 genuvna.
976 2889 1120 2950 Apud
1145 2889 1394 2949 Jeremiam
1438 2897 1477 2920 “
1502 2888 1574 2937 Sic
1598 2888 1717 2936 dixit
1741 2887 1949 2949 Jehovah
1971 2888 2074 2936 viro
2098 2888 2316 2951 Jehudae-

318 2953 369 3000 δε
394 2951 639 3015 Hierosoly
648 2969 749 3009 rnae,
787 2963 940 3001 novate
962 2955 1081 3001 vobis
1098 2956 1262 3011 novale,
1293 2971 1418 3019 neque
1422 2956 1557 3018 firite
1579 2957 1694 3002 inter
1705 2956 1869 3018 spinas,
1888 2955 2199 3004 circumcidite
2220 2969 2316 3000 vos*

318 3018 533 3079 J0hovae‚
553 3030 598 3066 et
625 3035 852 3066 removete
879 3023 1101 3084 praeputia
1118 3022 1421 3069 cordis=vestri
1442 3021 1476 3044 ''
1498 3037 1577 3069 tv:
1604 3039 1701 3083 3.4,
1720 3021 1843 3085 quod
1864 3022 2002 3071 serere
2028 3023 2141 3068 inter
2162 3018 2321 3085 spinas.

316 3084 368 3135 fit
382 3083 539 3135 docere
552 3087 600 3136 ἅτ.
615 3086 782 3136 discere
801 3102 915 3155 vera,
932 3085 1005 3136 sed
1020 3102 1127 3156 quae
1143 3103 1266 3139 curae
1283 3087 1595 3149 mundiaefraus
1607 3087 1941 3149 dinitiarum&
1953 3086 2329 3204 concugffentiar

1077 3176 1086 3182 ’
1298 3178 1303 3182 ·
1847 3179 1853 3183 ·
2179 3166 2332 3203 ocant:
