2684 3672
1739 119 1774 129 .-

365 277 453 339 60
602 245 663 257 ”
926 217 1783 343 Ε--Χ’”ῑο·”1)·ῑ]..ς.

681 390 941 409 ........

433 403 454 445 8
466 397 675 460 5651Et
709 397 827 446 εἶικιῑ
867 397 953 445 illis
991 391 1247 455 Moscheii,
1270 398 1405 461 quod
1450 396 1671 461 significet
1710 397 1969 462 responsum
2009 414 2092 463 ‘per
2135 401 2363 452 influxum

365 467 410 513 in
457 467 800 530 cogitationem,
852 465 1025 512 constat
1070 474 1125 510 e'x
1174 465 1497 528 significatione
1544 464 1711 521 dicere,
1759 481 1868 513 cum
1913 483 1971 514 ex
2006 467 2129 514 Vero
2171 470 2362 526 Divino,

365 532 491 596 quod
533 533 869 597 repraesentatur
910 547 987 594 per
1018 530 1269 587 Moschen,
1305 531 1432 593 quod
1470 531 1520 578 sit
1558 530 1855 608 responsum,
1899 534 1948 581 δε
1981 533 2087 596 quia
2125 551 2262 583 omne
2297 553 2362 583 re-

367 597 578 662 iponsum
619 617 642 646 a
675 600 850 646 Divino
890 598 955 645 fit
981 613 1059 662 per
1100 599 1342 686 influxum,
1378 599 1426 646 &
1462 597 1650 661 quidem
1691 600 1737 646 in
1778 601 2118 664 cogitationem,
2155 603 2258 651 ideo
2293 604 2367 651 illa

368 666 687 729 significantur.
1102 696 1103 700 =
1311 693 1314 696 -
2242 693 2246 696 -

400 704 581 808 08566
620 731 751 793 Quid
782 728 1033 794 jurgamini
1069 745 1270 786 mecum,
1289 693 1446 803 quod
1487 730 1711 794 significet
1747 743 1796 781 ut
1839 731 2156 781 moderatiores
2197 734 2282 784 sint
2319 736 2362 783 in

371 800 667 861 querimonia,
706 796 875 844 constat
906 813 959 843 ex
998 789 1324 860 significatione
1349 796 1544 861 jurgari,
1580 798 1705 861 quod
1732 798 1784 845 fit
1801 799 1958 860 gravis
1981 802 2279 861 querimonia,
2314 815 2368 850 ut

371 866 500 929 snpra
525 882 579 913 n:
612 866 770 928 8563·,
806 864 932 927 quod
973 865 1109 911 etiam
1146 865 1213 911 fit
1234 876 1285 910 ut
1325 861 1649 947 moderatiores
1683 864 1785 921 sint,
1820 864 2088 923 involvitur,
2125 881 2242 914 nam
2254 868 2367 916 dici-

371 946 461 989 tur,
498 931 622 994 quod
647 948 726 994 per
759 930 806 977 id
835 941 1007 977 tentent
1033 929 1273 992 Jehovam.
1391 942 1417 969 ·.
1464 947 1468 953 ·

443 1005 465 1044 ts
475 999 583 1063 567
623 998 754 1057 Quid
784 999 971 1045 tentatis
995 997 1236 1058 Jehovssm,
1273 997 1399 1060 quod
1432 962 1653 1060 fignificet
1692 997 1818 1062 quod
1854 1010 2010 1046 contra
2031 999 2274 1057 Divinum,
2311 980 2368 1050 de

375 1063 503 1128 cujus
543 1082 630 1130 ope
670 1064 918 1127 desperant,
971 1063 1142 1112 constat
1181 1081 1237 1112 ex
1282 1063 1606 1127 significatione
1640 1077 1818 1112 tentare
1857 1065 2099 1127 Jehovam,
2149 1037 2275 1129 quod
2315 1067 2369 1115 fit

375 1146 530 1181 contra
569 1132 792 1180 Divinum
838 1129 999 1207 queri;
1050 1130 1178 1195 quod
1217 1131 1270 1178 fit
1309 1130 1447 1194 usque
1486 1131 1543 1178 ad
1590 1130 1943 1195 desperationem
1987 1132 2044 1179 de
2082 1133 2224 1197 Ipsius
2263 1149 2368 1198 ope,

374 1199 438 1247 est
463 1200 576 1274 quia
610 1198 909 1262 querimoniae
949 1198 994 1244 in
1035 1198 1376 1259 tentationibus
1393 1196 1478 1244 taie
1506 1197 1793 1254 involvunt·
1830 1199 2094 1246 tentationes
2118 1202 2243 1247 enim
2267 1199 2370 1249 sunt

374 1268 604 1313 continuae
637 1264 960 1329 desperationes
998 1265 1054 1312 de
1086 1263 1237 1321 salute,
1274 1264 1501 1327 principio
1524 1264 1666 1329 leves,
1703 1263 1776 1311 sed
1800 1263 1991 1312 succeffu
2016 1281 2191 1328 graves,
2231 1266 2368 1331 usque

367 1346 426 1380 ut
462 1332 690 1396 postremo
719 1332 771 1378 s1t
804 1330 1028 1378 dubitatio
1062 1345 1208 1395 paene
1223 1331 1443 1394 negativa
1481 1326 1557 1377 de
1575 1328 1813 1393 praesentia
1828 1331 1991 1378 Divini
2015 1347 2065 1378 ac
2089 1332 2231 1396 Ipfius
2254 1349 2369 1398 ope;

374 1401 468 1447 vita
501 1399 738 1475 spiritualis
769 1399 822 1444 ad
858 1398 943 1444 hoc
976 1409 1233 1445 extremum
1268 1398 1313 1444 in
1347 1397 1671 1445 tentationibus
1704 1409 1757 1444 ut
1793 1396 2048 1474 plurimum
2088 1399 2370 1462 perducitur,

374 1466 453 1514 fic‘
473 1469 594 1513 enim
632 1465 932 1528 exstinguitur
964 1463 1060 1511 vita
1099 1464 1324 1541 naturalis,
1368 1479 1473 1510 narn
1514 1477 1625 1511 tunc
1665 1465 1900 1521 intimum,
1950 1465 1995 1511 in
2035 1465 2182 1512 media
2217 1465 2373 1531 despe-

374 1534 558 1590 ratione,
594 1544 768 1580 tenetur
809 1546 834 1577 a
867 1530 1073 1578 Domino
1103 1532 1158 1578 in
1198 1546 1356 1595 pugna
1372 1542 1546 1579 contra
1577 1528 1781 1587 falsum,
1824 1547 1960 1594 quare
1995 1534 2131 1578 etiam
2170 1532 2374 1597 despera-

373 1602 440 1648 tio
479 1600 575 1647 illa
588 1613 699 1646 mox
724 1598 966 1661 -diffipatur
1001 1613 1082 1663 per
1107 1597 1270 1645 solatia
1303 1610 1410 1662 quae
1455 1596 1559 1644 dein
1605 1597 1881 1645 insinuantur
1925 1614 1951 1645 a
1982 1598 2212 1657 Domino,
2262 1616 2370 1649 nam

370 1666 476 1731 post
511 1681 697 1714 omnem
737 1664 1032 1713 tentationem
1074 1664 1348 1728 spiritualem
1384 1663 1638 1719 consolatio
1649 1664 1716 1712 &
1722 1664 1849 1728 quast
1871 1680 2046 1712 novum
2069 1665 2208 1723 vitae;
2243 1667 2372 1731 quod

375 1735 638 1781 tentationes
678 1732 981 1797 perducantur
1012 1730 1153 1795 usque
1192 1731 1262 1779 ad
1289 1729 1661 1795 desperationem,
1709 1731 1913 1778 videatur
1952 1748 2010 1779 n:
2049 1736 2189 1796 1787.
2224 1735 2368 1796 2694.

378 1817 519 1866 5279
550 1803 691 1863 5280.
723 1814 864 1863 7¹47·
894 1813 1036 1862 7155.
1065 1799 1212 1863 7166.
1241 1799 1399 1860 8165,
1443 1799 1507 1846 δε
1527 1797 1656 1889 quod
1692 1796 1806 1862 post
1818 1799 2094 1846 tentationes
2126 1797 2372 1850 consolatio

365 1885 438 1915 ·n:
468 1868 609 1933 3696.
636 1883 729 1931 457
735 1883 781 1914 2.
809 1865 952 1928 5246.
980 1866 1124 1925 6824.
1154 1869 1178 1913 8
1186 1866 1295 1930 367
1325 1869 1382 1929 83
1358 1881 1453 1930 370
1476 1863 1593 1913 fin.

362 1959 369 1971 ·
448 1937 589 1996 8568.
627 1932 690 1979 Et
717 1932 852 1979 sitivit
877 1931 937 1978 ibi
961 1932 1159 1995 populus
1182 1946 1343 1995 aquas,
1369 1931 1513 1995 quod
1520 1900 1756 1995 significet
1782 1900 2145 1980 increscentiam
2163 1907 2370 1982 defiderii

359 2001 431 2048 -ad
458 2004 633 2056 verum,
670 1983 840 2046 constat
873 2014 929 2045 ex
965 1998 1306 2062 fignificatione
1318 1997 1465 2056 fitire,·-
1479 1999 1617 2062 quod
1625 1998 1694 2046 s1t'
1714 2011 1922 2064 appetere
1946 2003 1995 2050 δε
2021 1998 2286 2058 defiderare,
2318 2001 2371 2060 δε

376 2064 503 2130 quod
542 2067 814 2130 praedicetur
852 2065 909 2112 de
950 2077 1074 2122 vero,
1100 2065 1221 2114 ficut
1256 2064 1434 2113 esurire
1455 2065 1526 2112 de
1540 2066 1704 2122 ·bono;
1739 2068 1790 2114 δε
1813 2082 1869 2114 ex
1889 2065 2217 2130 fignificatione
2237 2070 2372 2132 aq'uae

361 2135 502 2198 0quod
544 2134 596 2192 {it
633 2140 794 2180 verum
836 2132 963 2188 fidei',
976 2131 1070 2179 de
1075 2145 1176 2195 qua
1208 2122 1339 2196 supra
1377 2149 1433 2180 n:
1465 2133 1624 2195 856,2
1667 2101 1795 2198 quod
1834 2132 1950 2181 fitire
1985 2133 2041 2181 fit
2068 2145 2305 2198 appetere
2319 2134 2371 2183 δε

362 2188 635 2256 -·defiderare‚
674 2215 838 2263 nempe
860 2206 1047 2256 verum,
1083 2199 1230 2263 quod
1251 2199 1540 2263 significatur.
1564 2215 1650 2263 per
1667 2214 1889 2263 aquam,
1899 2211 2022 2264 patet
2050 2198 2282 2248 manifeste
2312 2216 2372 2249 ex

380 2267 597 2331 pluribus·
623 2268 731 2314 locis
773 2268 818 2312 in
841 2265 1014 2323 Verbo,
1051 2277 1103 2312 ut
1142 2266 1269 2330 apud
1288 2269 1483 2322 Amos,
1495 2270 1530 2307 ‘.‘
1553 2265 1678 2314 Eccd
1714 2266 1817 2314 dies
1843 2267 2041 2325 venturi,
2074 2265 2264 2330 quibus
2269 2268 2369 2315 im-

378 2336 557 2381 mittam
585 2333 746 2396 famem
779 2334 855 2379 in
858 2344 1047 2395 terram,
1085 2348 1174 2380 non
1209 2331 1379 2380 famem
1418 2332 1473 2380 ad
1512 2348 1715 2407 panem,
1706 2347 1856 2397 neque
1867 2332 1991 2393 fitim
2022 2333 2083 2381 ad
2111 2349 2267 2397 aquas,
2296 2332 2370 2382 sed

363 2402 437 2448 ad
469 2400 732 2448 audiendum
756 2400 891 2446 verba
914 2399 1126 2464 Jehovae3
1163 2400 1230 2447 δεῖ
1237 2399 1532 2462 vagabuntur
1551 2415 1604 2446 a
1628 2400 1742 2447 mari
1772 2399 1857 2446 ad
1873 2415 2011 2456 mare,
2047 2399 2109 2447 δε
2124 2415 2161 2447 a
2185 2400 2275 2464 sep
2276 2413 2373 2449 ten-

362 2469 522 2514 'trione
559 2466 700 2544 usque
737 2467 812 2513 ad
826 2467 1084 2523 orientem,
1112 2467 1201 2514 &
1214 2463 1387 2530 dascuff
1384 2466 1542 2514 tabunt»
1565 2466 1638 2514 ad
1666 2466 1927 2539 quaerendum'
1946 2465 2135 2514 verbum
2171 2467 2371 2530 Jsshovae,

381 2550 461 2582 nec
486 2535 742 2580 invenient:
789 2533 832 2579 in
859 2533 954 2579 die
966 2533 1047 2580 illo
1075 2531 1307 2581 deficient
1309 2533 1539 2605 virgines
1546 2533 1751 2602 pulchrae
1772 2533 2040 2596 &juvenes
2062 2531 2182 2590 fiti,”
2226 2549 2367 2582 v.111·

386 2618 457 2651 11
492 2617 561 2648 ιε.
596 2619 687 2663 ¹3
729 2600 997 2647 desiderium
1035 2598 1207 2649 sciendi
1221 2616 1391 2647 verum
1408 2597 1688 2647 describitur
1702 2600 1774 2647 hic
1799 2615 1878 2663 per
1900 2598 2050 2659 fitire3
2098 2599 2369 2648 desiderium
2437 2644 2440 2647 ε

380 2668 433 2714 ad
462 2683 621 2714 verum
658 2667 933 2729 significatur
961 2682 1042 2730 per
1075 2666 1324 2714 immittam
1361 2683 1452 2714 non
1478 2664 1612 2713 fitirn
1621 2666 1678 2713 ad
1700 2682 1852 2729 aquaS,
1888 2665 1961 2713 sed
1999 2661 2056 2713 ad
2090 2666 2370 2714 audiendum

382 2735 517 2781 verba
555 2734 779 2812 Jehovae,
838 2731 1038 2779 defectus
1075 2734 1169 2778 veri
1211 2735 1258 2780 δε
1299 2733 1404 2779 inde
1445 2734 1639 2796 privatio
1676 2733 1786 2780 vitae
1824 2732 2060 2797 spiritualis
2107 2732 2370 2798 describitur

382 2817 461 2864 per
500 2802 544 2848 in
591 2800 663 2847 die
704 2799 780 2846 illo
826 2798 1036 2846 deficient
1075 2799 1275 2862 virgines
1315 2799 1518 2862 pulchrae
1563 2801 1612 2846 δε
1648 2797 1841 2876 juvenes
1880 2799 1966 2857 siti,
2027 2800 2227 2862 virgines
2266 2799 2369 2863 pul-

383 2868 504 2915 chrae
540 2866 669 2914 sunt¹
664 2868 756 2930 qui
793 2867 838 2917 in
877 2858 1189 2912 affeffionibus
1223 2866 1346 2922 boni,
1393 2867 1441 2914 δε
1473 2868 1664 2929 juvenes
1704 2868 1786 2930 qui
1825 2866 1889 2914 in
1910 2863 2224 2914 affectionibus
2256 2868 2367 2914 veri.

385 2935 527 2997 Apud
573 2933 763 2989 Εἱᾶἰαὲῃ,
812 2937 846 2959 “
871 2933 996 2980 Heu·
1008 2934 1149 2980 omnis
1181 2931 1334 2993 sitiens
1380 2934 1441 2979 ite
1470 2933 1538 2986 nd
1568 2949 1717 2997 aquas,
1768 2933 1833 2981 δε
1863 2933 1949 2980 cui
1977 2947 2070 2980 non
2108 2943 2368 2994 argentum,

384 3002 649 3056 ite,‘emite,
684 2999 925 3056 comedite,
953 3000 1022 3045 ite
1047 3000 1093 3045 &
1119 3001 1256 3047 emite
1286 2998 1377 3065 sine
1410 3011 1617 3063 argento
1629 3000 1678 3046 δε
1709 2999 1801 3046 'fine
1833 2998 1980 3063 pretio
2010 2999 2157 3046 vinum
2182 2999 2231 3046 δε
2253 2999 2369 3056 lac,''

381 3083 475 3113 ι-νε
519 3083 563 3123 2,
616 3067 764 3114 omnis
804 3065 948 3112 sitiens
988 3067 1048 3112 ite
1088 3066 1144 3111 ad
1176 3082 1336 3129 aquas,
1387 3065 1614 3113 manifeste
1654 3082 1739 3129 pro
1779 3065 2047 3113 desiderante
2085 3080 2191 3112 vera
2223 3065 2369 3122 fidei3

383 3149 530 3179 emere
569 3133 655 3192 fine
689 3134 850 3196 pretio
875 3133 1033 3181 vinum
1074 3133 1123 3178 &
1159 3132 1239 3187 lac,
1263 3148 1367 3195 pro
1395 3143 1658 3195 comparare
1698 3132 1798 3178 fibi:
1821 3148 1864 3178 a
1880 3132 2103 3188 Domino,
2140 3132 2200 3178 ita
2231 3133 2374 3194 gratis

383 3214 543 3245 verum
569 3188 617 3245 δε
642 3199 813 3246 bonum
838 3198 980 3255 fidei,
997 3198 1134 3261 quod
1158 3214 1295 3260 aquae
1310 3198 1394 3245 fint
1417 3213 1577 3245 verum
1602 3198 1729 3255 fidei,
1761 3198 1968 3245 videatur
1990 3195 2119 3261 supra
2139 3213 2198 3246 n·
2226 3201 2263 3244 8
2256 3202 2371 3261 562

380 3265 505 3329 quod
546 3266 706 3313 vinum
746 3266 797 3313 fit
836 3266 1009 3314 bonum
1051 3264 1174 3323 fidei,
1229 3281 1288 3313 n·
1322 3267 1467 3333 6377,
1510 3266 1560 3313 &
1599 3280 1783 3328 quoque
1825 3263 1910 3323 lac,
1947 3281 2007 3313 n.
2037 3266 2198 3325 2184,
2246 3268 2374 3329 quod

2303 3332 2375 3381 hic
