2722 3684
371 194 507 270 208
809 192 879 269 E
1006 195 1279 271 XO
1417 198 1899 273 D'US.

443 322 586 385 8932.
657 318 770 370 Non
797 320 966 376 facietis
987 340 1096 375 cum
1121 325 1208 375 Me
1232 325 1343 377 deos
1367 323 1544 390 argenti
1569 323 1619 373 &
1642 321 1751 371 deos
1774 320 1887 379 auri,
1924 317 2052 386 quod
2078 318 2305 385 significet
2323 331 2381 372 ut

380 385 629 435 abstineant
655 389 832 452 prorsus
863 407 890 440 a
926 391 1089 442 talibus
1114 409 1219 459 quae
1242 395 1290 442 in
1312 391 1464 442 forma
1487 403 1671 441 externa
1693 400 1915 453 apparent
1935 399 1992 436 ut
2013 403 2120 436 vera
2155 388 2207 437 &
2241 388 2376 448 bona,

383 454 457 501 sed
483 455 528 502 in
546 454 721 503 interna
746 456 845 506 sunt
867 457 973 507 falsa
990 461 1041 509 ὅτ
1066 462 1201 518 mala,
1236 459 1409 508 constat
1427 474 1484 506 ex
1503 456 1831 522 significatione
1844 453 1988 504 faeere
2005 455 2132 514 deoS,
2167 456 2298 520 quod
2321 456 2378 519 fit

381 519 548 578 colere,
586 538 689 569 nam
708 524 789 587 qui
816 523 921 573 facit
938 525 1019 575 fibi
1042 528 1172 583 deos,
1205 525 1269 574 est
1292 536 1480 591 propter
1502 524 1683 573 cultum
1704 545 1719 580 ;
1755 538 1813 571 ex
1836 521 2164 588 fignificatione
2182 523 2377 588 argenti,

378 588 506 651 quod
529 588 581 636 fit
604 590 782 647 verum,
817 592 868 640 &
891 592 997 640 inde
1021 594 1067 641 in
1101 593 1316 657 oppofito
1341 591 1466 641 sensu
1491 589 1654 640 falsum
1675 612 1690 647 ;
1742 590 1794 638 &
1817 604 1876 638 ex
1901 588 2230 652 fignificatione
2258 593 2375 649 auri,

379 654 504 719 quod
531 655 583 703 fit
607 656 800 713 bonum,
835 658 886 706 &
909 658 1014 708 inde
1033 660 1079 708 in
1103 660 1318 727 oppofito
1341 658 1468 708 sensu
1493 659 1687 715 malum,
1721 656 1779 705 de
1803 657 1973 722 quibus
1997 673 2056 704 n:
2090 673 2197 722 113.
2229 672 2374 721 1551.

388 735 528 781 1552·
559 737 702 786 2954·
731 723 877 786 5658.
902 724 1050 790 6914.
1078 726 1224 792 6917.
1251 741 1379 792 7999
1403 743 1413 773 ε
1437 725 1578 790 -quod
1601 726 1688 773 fint
1708 739 1818 788 quae
1839 735 2061 786 apparent
2085 739 2191 771 vera
2214 724 2265 772 &
2290 726 2375 773 bo-

382 804 435 834 na
456 787 502 834 in
523 786 670 835 forma
688 802 889 849 externa,
924 806 972 841 at
989 793 1035 841 in
1055 793 1230 842 interna
1253 794 1356 842 sunt
1372 791 1478 841 falsa
1496 793 1544 840 &
1571 791 1706 848 mala,
1721 790 1786 838 est
1802 791 1907 854 quia
1922 788 2087 837 dicitur
2103 789 2246 838 Facere
2272 790 2376 854 illos

377 868 486 900 cum
510 854 616 912 Me,
656 855 744 903 hoc
775 856 857 915 est,
891 873 1000 908 cum
1018 860 1231 924 Jehovah
1255 861 1379 919 Deo,
1414 875 1522 908 nam
1557 858 1716 923 Ipsum
1743 856 1973 906 Divinum
1994 855 2173 903 Verum
2207 856 2258 906 ὅτ’
2286 856 2378 906 Bo-

378 936 494 968 num
520 920 583 968 est
609 921 655 968 in
679 922 885 983 internis,
922 927 973 974 ὅτ
997 926 1062 975 est
1084 943 1274 993 quoque
1307 929 1354 976 in
1373 926 1584 984 externis,
1621 925 1699 974 sed
1739 924 1785 972 in
1826 923 1895 972 his
1930 920 1995 970 est
2021 921 2257 976 Divinum
2283 923 2376 974 Ve-

376 990 481 1035 rum
500 987 549 1035 ὅτ
573 989 748 1037 bonum
767 992 814 1038 in
839 992 959 1056 typis
983 994 1376 1058 repraesentativiS,
1412 1010 1518 1042 nam
1542 1004 1731 1041 externa
1754 1003 1885 1055 *typo
1902 988 2107 1038 referunt
2133 989 2184 1038 ὅτ
2204 1005 2371 1055 reprae·

375 1053 550 1102 sentant
573 1055 746 1105 interna
766 1078 781 1114 ;
815 1073 998 1109 externa
1021 1059 1125 1110 sunt
1148 1061 1253 1110 falsa
1276 1062 1326 1110 ὅτ
1343 1061 1480 1118 mala,
1497 1075 1605 1109 cum
1629 1060 1687 1108 ab
1711 1058 1899 1122 internis
1922 1057 2118 1120 separata
2136 1072 2223 1120 pro
2242 1059 2368 1107 sanc-

374 1121 432 1168 tis
456 1120 678 1171 habentur
702 1124 775 1172 seu
799 1125 1030 1186 coluntur,
1063 1130 1114 1178 ὅτ
1152 1141 1303 1178 tamen
1327 1127 1473 1193 usque
1506 1137 1727 1192 apparent
1749 1125 1861 1174 ficut
1885 1138 1989 1171 vcra
2012 1123 2063 1171 ὅτ
2088 1124 2225 1182 bona,
2248 1126 2369 1188 quia

370 1188 691 1251 repraesentant
714 1191 818 1240 illa:
857 1193 955 1243 haec
973 1195 1282 1258 significantur,
1300 1210 1381 1259 per
1403 1193 1547 1243 facere
1564 1209 1673 1241 cum
1694 1190 1910 1257 Jehovah
1933 1191 2039 1240 Deo
2055 1190 2165 1243 deos
2187 1192 2369 1255 argenti

369 1254 420 1302 &
444 1254 554 1305 deos
576 1257 687 1305 auri.
758 1260 972 1324 Sequitur
990 1263 1080 1310 hoc
1103 1275 1394 1327 praeceptum
1419 1259 1692 1316 immediate
1715 1257 1817 1330 post
1834 1257 1993 1313 decem
2020 1256 2266 1322 praecepta,
2303 1274 2363 1317 ex
2385 1300 2387 1302 ,

371 1321 499 1370 causa
517 1325 627 1387 quia
650 1326 847 1389 populus
862 1328 1129 1377 Israeliticus
1153 1331 1202 1378 ὅτ
1221 1327 1440 1390 Judaicus
1463 1328 1561 1376 talis
1583 1338 1692 1384 erat,
1729 1336 1780 1374 ut
1801 1335 1985 1372 externa
2003 1322 2200 1388 separata
2216 1324 2273 1374 ab
2296 1326 2368 1373 in-

375 1390 512 1438 te'rnis
536 1388 681 1438 saneta
698 1392 880 1442 haberet
902 1396 952 1444 &
970 1395 1149 1460 prorsus
1166 1409 1215 1445 ut
1232 1395 1405 1444 Divina
1421 1394 1607 1451 coleret,
1632 1410 1660 1442 n
1681 1409 1692 1441 t
1714 1408 1863 1459 3479.
1885 1390 2033 1455 3769.
2046 1393 2196 1451 4281.
2214 1402 2311 1456 429
2322 1409 2371 1456 3,

373 1470 522 1521 4307·
559 1461 878 1522 4314·43¹6·
915 1478 1066 1527 4433·
1102 1464 1251 1522 4680·
1287 1464 1435 1526 4825·
1471 1465 1619 1526 4832·
1659 1463 1808 1522 4844·
1845 1456 2181 1532 484714365·
2213 1473 2363 1533 4993·

371 1522 518 1584 6304.
546 1524 693 1586 6832.
723 1529 867 1587 8814.
894 1533 1041 1595 8819.
1110 1530 1185 1580 Ut
1208 1528 1392 1578 ulterius
1418 1528 1596 1586 sciatur,
1631 1542 1850 1592 quaenam
1884 1525 1934 1572 &
1969 1524 2121 1589 qualia
2144 1523 2246 1573 sunt
2269 1525 2370 1591 illa,-

369 1589 549 1652 quazin
572 1590 720 1639 forma
744 1607 929 1644 externa
946 1609 1164 1661 apparent
1187 1609 1237 1645 ut
1261 1612 1367 1646 vera
1390 1597 1440 1655 ὅτ
1464 1596 1584 1644 bona
1599 1630 1615 1654 ‚
1653 1594 1726 1642 sed
1743 1593 1916 1643 interna
1934 1592 2037 1639 sunt
2061 1590 2167 1639 falsa
2190 1592 2241 1641 ὅτ
2266 1606 2363 1641 ma-

368 1654 447 1709 la;
485 1655 570 1703 smt
592 1659 826 1722 exemp10‚
861 1679 1022 1712 omnes
1041 1665 1153 1712 ritus
1172 1663 1387 1712 Ecclefiae
1412 1662 1640 1726 Judaicae,
1677 1660 1789 1710 ficut
1812 1658 2036 1716 sacrificia,
2073 1657 2263 1715 suffitus,
2297 1658 2362 1708 la-

372 1721 593 1781 vationes,
629 1725 679 1773 &
704 1727 887 1790 plures;
923 1731 988 1779 illi
1024 1732 1069 1778 in
1093 1730 1238 1778 forma
1260 1744 1443 1779 externa
1465 1728 1594 1778 erant
1614 1743 1720 1776 vera
1742 1727 1791 1775 ὅτ
1816 1727 1951 1784 bona,
1989 1740 2081 1773 non
2116 1740 2175 1772 ex
2204 1724 2248 1773 se
2282 1722 2360 1775 sed

369 1789 477 1853 quia
499 1789 545 1836 in
571 1802 685 1854 typo
709 1793 962 1845 referebant
986 1800 1060 1846 seu
1085 1796 1467 1863 repraesentabant
1495 1811 1603 1844 vera
1641 1795 1692 1844 ὅτ
1729 1794 1850 1844 bona
1888 1793 2078 1849 interna,
2113 1807 2223 1856 quae
2260 1791 2365 1843 sunt

368 1857 534 1905 amoris
557 1857 605 1905 ὅτ
630 1858 737 1907 fidei
762 1862 805 1908 in
832 1863 1116 1923 Dominum,
1152 1880 1257 1912 cum
1285 1864 1393 1913 talia
1417 1864 1462 1912 in
1486 1875 1671 1912 externa
1705 1859 1855 1909 forma
1893 1875 1980 1925 pro
2018 1858 2180 1907 -sanffis
2217 1858 2356 1908 habe-

369 1923 549 1980 bantur,
585 1925 635 1972 &
658 1930 803 1991 magis
826 1945 934 1979 cum
957 1932 1239 1989 colebantur,
1275 1930 1388 1979 ficut
1405 1946 1429 1977 a
1454 1928 1705 1994 Judaeis'&
1726 1926 1940 1979 Israelitis
1961 1940 2068 1974 cum
2101 1924 2213 1979 *faeti
2229 1926 2361 1989 idoli-

368 2001 452 2037 trae
480 1990 796 2054 applicuerunt
821 1996 878 2044 ad
903 1997 1080 2047 cultum
1109 1998 1303 2047 deorum
1328 1997 1581 2061 alienorum
1616 2009 1744 2056 tunc,
1775 1996 1867 2043 non
1893 1992 2018 2043 aliud
2050 1991 2304 2041 retinebant
2333 2010 2361 2043 a

366 2058 486 2104 veris
524 2058 574 2105 ὅτ
614 2058 745 2108 bonis
782 2079 890 2127 quae
935 2077 1050 2130 typo
1095 2063 1351 2114 referebant
1390 2064 1462 2113 seu
1500 2061 1895 2129 repraesentabant,
1952 2073 2094 2122 quam
2134 2073 2358 2123 apparen-

367 2122 501 2180 tiam,
536 2124 644 2188 quia
668 2126 713 2173 in
743 2126 888 2179 forma
912 2131 1085 2181 interna
1107 2144 1234 2180 erant
1263 2129 1375 2179 *farsa
1414 2132 1465 2180 &
1504 2131 1653 2179 mala:
1709 2128 1931 2176 Similiter
1955 2127 1998 2175 se
2021 2125 2211 2194 habebat
2248 2141 2358 2176 cum
2400 2164 2408 2170 „

364 2189 563 2253 reliquis,
592 2196 703 2256 quae
725 2209 848 2245 erant
872 2197 972 2263 typi
998 2199 1355 2263 repraesentativi
1396 2197 1650 2259 coelestium
1675 2196 1726 2245 ὅτ
1749 2195 2031 2243 Divinorum
2066 2192 2185 2258 apud
2209 2197 2362 2256 p'opu·

366 2257 469 2304 lum
494 2257 664 2314 illum;
703 2275 887 2312 externa
926 2265 1052 2312 enim
1093 2282 1200 2331 quae
1238 2263 1626 2331 repraesentabant
1658 2262 1834 2312 interna
1856 2273 1906 2310 ut
1927 2261 2134 2325 primum
2158 2260 2361 2324 applica·

367 2324 536 2372 bantur
559 2325 613 2373 ad
636 2327 816 2377 cultum
838 2330 1033 2380 deorum
1057 2333 1269 2390 aliorum,
1306 2344 1430 2380 erant
1452 2330 1576 2380 idola
1599 2344 1706 2395 quae
1727 2328 1956 2384 colebant,
1993 2328 2066 2374 seu
2084 2325 2155 2374 dii
2180 2328 2365 2390 argenti·

365 2391 417 2439 &
441 2393 533 2440 auri
554 2408 670 2456 quos
691 2409 801 2444 cum
822 2398 1036 2459 jehovah
1063 2400 1168 2448 Deo
1186 2398 1425 2455 faciebant,
1463 2413 1566 2445 nam
1593 2408 1699 2445 tunc
1723 2395 1770 2444 in
1792 2394 1943 2450 forma
1966 2405 2148 2442 externa
2172 2409 2359 2458 appare·

366 2459 476 2506 bant
499 2471 550 2506 ut
572 2475 677 2508 vera
701 2462 750 2510 ὅτ
772 2463 890 2513 bona
908 2465 983 2513 led
1008 2465 1055 2513 in
1081 2466 1258 2514 interna
1279 2476 1405 2513 erant
1420 2464 1534 2526 {alsa
1558 2463 1609 2511 ὅτ
1627 2462 1767 2512 mala.
1836 2462 1888 2509 In
1899 2474 2072 2526 genere
2090 2461 2156 2507 dii
2179 2461 2368 2522 argenti*
2433 2464 2441 2472 “

365 2525 417 2572 ὅτ
441 2524 535 2572 auri
562 2525 664 2575 sunt
687 2532 840 2592 omnia
867 2531 972 2580 falsa
1001 2533 1053 2581 ὅτ
1085 2533 1192 2580 inde
1218 2527 1335 2582 mala
1356 2523 1522 2590 cultuS,
1558 2546 1666 2595 quae
1689 2528 1943 2577 redduntur
1966 2526 2131 2574 similia
2164 2542 2276 2574 vero
2298 2528 2351 2576 ὅτ

364 2591 487 2638 bono
508 2607 592 2654 per
628 2594 817 2646 sinistras
840 2599 1166 2664 applicationes
1190 2601 1240 2648 ὅτ
1266 2597 1653 2664 interpretationes
1671 2595 1835 2652 Verbi,
1870 2595 1921 2644 ὅτ
1959 2593 2089 2642 fimul
2111 2609 2198 2659 oper
2220 2594 2359 2643 ratio—

367 2656 486 2706 cinia
529 2673 585 2704 CX
619 2665 804 2724 propria
829 2666 1166 2729 intelligentia;
1203 2666 1308 2714 talia
1333 2665 1639 2729 significantur
1662 2679 1741 2729 per
1763 2661 1874 2721 deos
1893 2660 2094 2724 Argenti
2118 2661 2170 2709 ὅτ
2189 2659 2358 2716 aurijn
2410 2679 2413 2683 ·

365 2723 653 2787 sequentibus
678 2727 747 2775 his
771 2732 916 2788 locis-3
953 2732 1075 2797 apud
1095 2732 1278 2781 Esaiam
1313 2740 1348 2762 “
1367 2731 1421 2780 In
1446 2732 1521 2780 die
1539 2731 1625 2779 -illo
1646 2728 1858 2794 prnjiciet
1882 2727 2024 2775 homo
2046 2726 2161 2776 idola
2182 2727 2355 2791 argenti

353 2791 426 2853 sui
444 2790 499 2840 δ’
521 2790 635 2839 idola
658 2801 759 2845 auri
781 2801 868 2864 sui,
905 2816 1010 2865 quae
1037 2798 1240 2848 fecerunt
1264 2799 1344 2849 fibi
1373 2799 1430 2847 ad
1450 2797 1791 2846 incurvandum
1816 2795 1858 2843 se
1878 2794 2013 2858 talpis
2048 2795 2098 2844 ὅτ
2132 2793 2349 2857 vesperti-

365 2858 584 2915 lionibus,
621 2860 676 2906 ad
705 2866 965 2914 intrandum
989 2867 1034 2915 in
1070 2866 1242 2915 fiffuras
1266 2879 1494 2930 petrarum
1529 2865 1579 2913 ὅτ
1611 2866 1658 2912 in
1683 2863 1851 2912 fiffuras
1888 2862 2075 2925 rupium
2096 2858 2132 2880 '’
2163 2875 2210 2906 -11
2233 2875 2354 2932 τρο.

366 2940 447 2982 21,
484 2925 622 2990 talpae
645 2926 695 2974 &
715 2933 1058 2996 *vespertiliones
1080 2950 1165 2998 pro
1182 2933 1379 2996 illisqui
1407 2934 1454 2979 in
1478 2931 1691 2987 tenebris,
1717 2931 1814 2979 *hoc
1838 2927 1920 2986 est,
1956 2929 2002 2985 in
2028 2925 2146 2972 falfis
2167 2925 2218 2973 ὅτ
2242 2923 2354 2976 inde

362 2991 506 3049 malis.
576 2993 726 3056 Apud
751 2998 965 3049 Eundem
1005 3008 1039 3030 “
1055 3000 1113 3048 In
1132 2999 1206 3048 die
1226 3000 1308 3048 illo
1332 2996 1535 3063 rejicient
1556 3014 1625 3045 vir
1649 2997 1759 3045 idola
1778 2995 1947 3062 argenti
1957 2993 2032 3057 fici
2047 2990 2103 3041 Β
2120 2990 2354 3041 idolaaun·

359 3060 439 3112 sui.
474 3074 582 3123 quae
618 3058 821 3113 fecerunt
859 3067 988 3114 vobis
1028 3083 1188 3116 manus
1226 3066 1404 3124 vestrae,
1436 3062 1729 3131 peccatum”
1763 3079 1913 3112 xxx-1¹:
1942 3074 1986 3123 7,
2022 3074 2129 3122 quae
2152 3057 2356 3112 fecerunt

362 3140 527 3172 manus
551 3140 632 3188 pro
655 3148 763 3197 quae
785 3148 843 3181 ex
865 3133 1049 3197 propria
1084 3132 1400 3195 intelligentia.
1470 3131 1618 3196 Apud
1645 3130 1862 3178 Eundem
1899 3135 1931 3157 “
1951 3124 2172 3190 Sculptile
2198 3123 2357 3178 fundit

358 3190 540 3250 artifex,
576 3190 625 3240 &
649 3199 850 3262 conflator
871 3216 977 3250 auro
1000 3198 1180 3259 obducit,
1215 3201 1266 3250 &
1289 3209 1460 3250 catenas
1483 3198 1653 3263 argenti
1678 3195 1832 3262 conflat
1849 3193 1885 3262 ’ζ
1930 3209 2021 3242 XL:
2052 3209 2132 3259 19,
2170 3191 2354 3308 s⁹⁰¹P1‘.³·

2307 3274 2357 3312 m
