2722 3684
525 190 917 281 CAPUT
980 188 1571 262 DECIMUM
1631 190 2115 263 NONUM.
2226 158 2355 276 155

354 325 602 376 'constatex
618 321 943 387 fignificatione
968 322 1272 378 sacerdotum,
1310 321 1437 387 quod
1457 321 1509 369 fit
1526 321 1721 378 bonum,
1757 321 1814 368 de
1838 338 1928 386 qua
1956 338 1981 368 n
2005 340 2016 369 :
2048 328 2187 386 1‘128·
2212 341 2342 387 2015

359 396 458 444 fin:
484 387 629 451 6548,
665 391 747 436 hic·
763 390 937 437 bonum
962 389 1216 453 spi-rituale,
1260 391 1368 453 quia
1393 405 1472 453 per
1494 388 1613 436 filios
1634 389 1824 446 Israelis,
1872 391 2068 453 quorum
2095 394 2342 440 sacerdotes

357 471 496 515 erant,
532 455 964 520 repraesentabantur
997 457 1065 504 illi
1090 458 1170 522 qui
1205 457 1263 504 ab
1288 457 1486 504 Ecclefia
1519 455 1758 520 spirituali,
1790 455 1852 502 ita
1891 456 1971 520 qui
2013 455 2059 504 in
2101 458 2222 504 bono
2262 476 2342 522 per

358 527 550 580 Verum,
587 525 637 572 &
660 524 705 570 in
733 539 842 571 vero
865 539 920 570 ex
946 525 1085 580 bono,
1132 540 1189 570 n:
1242 524 1383 587 7956.
1411 526 1542 585 8234
1568 544 1582 576 3
1618 537 1674 570 ex
1700 522 2026 584 fignificatione
2050 525 2258 571 accedere
2281 527 2338 574 ad

356 591 608 654 Jehovam,
644 605 753 637 cum
776 589 833 638 de
860 589 1159 638 sacerdotibus
1184 606 1264 654 per
1288 606 1401 654 quos
1429 589 1707 653 fignificatur
1733 590 1921 645 bonum,
1957 591 2086 653 quod
2113 591 2165 638 fit
2184 591 2228 637 in
2246 607 2341 654 quo

355 658 585 706 Divinum
610 678 624 712 ;
677 658 726 704 &
750 672 807 702 ex
832 657 1158 718 significatione
1193 656 1476 714 sanctificari,
1527 657 1654 720 quod
1682 655 1731 704 fit
1753 657 1911 720 obtegi
1938 657 2091 721 quoad
2118 657 2343 716 interiora,

348 727 412 777 de
436 741 526 789 qua
550 740 610 772 n:
637 724 783 787 8788.
812 725 965 772 8806.
1327 747 1330 751 >

425 795 569 855 8833.
606 790 683 838 Ne
708 803 942 853 rupturam
967 790 1102 839 faciat
1123 791 1168 838 in
1195 789 1279 838 illis
1302 788 1534 851 Jehovah‚
1570 789 1695 854 quod
1723 789 1945 853 fignificet
1968 788 2295 855 separationem
2315 808 2341 839 a

356 859 496 916 bono,
533 856 706 905 constat
737 873 794 905 ex
826 857 1156 919 fignificatione
1197 871 1430 920 rupturam
1472 857 1632 912 facere,
1668 858 1795 920 quod
1832 858 1883 904 fit
1918 855 2134 920 separatio
2178 859 2274 907 veri
2313 862 2339 907 a

298 968 301 971 .
355 927 499 983 bono,
533 925 591 972 de
615 940 705 989 qua
731 940 760 971 n
781 941 792 970 :
817 924 967 989 4926„
1014 923 1088 970 hic
1111 923 1329 986 separatio
1353 940 1378 970 a
1403 927 1544 980 bono,
1580 923 1691 987 quia
1724 922 1892 970 dicitur
1927 923 1993 970 de’
2021 925 2340 983 sacerdotibus,

354 1009 437 1058 per
458 1007 574 1057 quos
597 989 874 1052 fignificatur
896 991 1092 1046 bonum,
1137 1006 1168 1036 n
1189 1007 1198 1035 :
1226 993 1373 1052 8832.

427 1061 570 1121 8834.
623 1057 689 1107 Et
711 1056 827 1105 dixit
852 1055 1078 1105 Moscheh
1101 1055 1158 1103 ad
1184 1056 1435 1120 Jehovarn,
1479 1055 1604 1120 quod
1631 1056 1854 1119 fignificet
1876 1058 2205 1122 cogitationem
2229 1059 2340 1108 Veri

350 1142 383 1174 a
404 1125 599 1181 Divino,
648 1123 821 1172 constat
842 1139 901 1171 ex
924 1123 1255 1186 significatione
1278 1124 1445 1180 dicere,
1480 1139 1585 1171 cum
1611 1140 1670 1171 ex
1693 1123 1816 1171 Vero
1837 1140 1862 1171 a
1888 1126 2085 1184 Divino,
2124 1127 2251 1192 quod
2276 1143 2342 1173 re-

357 1191 657 1258 praesentatur
680 1190 1020 1256 perMoschen,
1058 1190 1183 1255 quod
1227 1191 1281 1238 fit
1301 1189 1543 1252 cogitatio,
1598 1204 1652 1238 ut
1690 1206 1878 1256 quoque
1914 1209 1972 1239 n:
2001 1209 2145 1256 3395.
2193 1208 2339 1257 7107.

356 1275 506 1322 7244.
534 1272 660 1322 7937
684 1276 696 1305 :
746 1259 913 1307 dicitur
934 1257 1155 1321 cogitatio
1179 1258 1293 1306 Veri
1316 1274 1343 1306 a
1366 1258 1561 1312 Divino,
1596 1273 1646 1306 ac
1679 1259 1950 1321 intelligitur
1971 1261 2193 1320 cogitatio
2217 1262 2341 1324 apud

321 1376 325 1380 ,
355 1327 509 1382 illum,
545 1327 621 1390 qui
645 1325 818 1374 Verum
843 1341 867 1372 a
891 1325 1070 1372 Divino
1105 1325 1430 1388 repraesentat;
1465 1324 1593 1372 causa
1632 1326 1759 1391 quod
1800 1327 1862 1374 ita
1896 1326 2072 1375 dicatur
2106 1327 2170 1374 est
2203 1328 2342 1377 etiam

353 1394 467 1458 quia
489 1393 666 1440 Verum
688 1393 818 1455 apud.
838 1393 1075 1440 hominem
1100 1392 1285 1454 cogitat,
1321 1393 1371 1439 ὅτ
1395 1392 1555 1448 hom0,
1593 1393 1876 1456 apudquem
1902 1394 2122 1456 cogitatio
2146 1395 2226 1452 est,
2262 1411 2345 1458 per

353 1475 518 1509 verum
540 1480 554 1514 ;
591 1475 694 1507 nam
710 1459 943 1507 Dominus
968 1457 1116 1506 influit
1141 1473 1221 1520 per
1243 1458 1485 1506 bonumin
1513 1474 1689 1515 venum,
1726 1461 1775 1508 ὅτ
1796 1460 1852 1506 fic
1868 1460 1948 1508 dat
1967 1461 2107 1510 vitam
2131 1462 2341 1518 homini3

356 1526 458 1575 haec
482 1526 578 1574 vita<
593 1538 782 1589 apparet
804 1525 851 1575 in
875 1525 1065 1573 homine
1089 1525 1201 1573 ficut
1224 1523 1337 1587 ejm,
1359 1525 1445 1572 'sed
1471 1525 1536 1573 est
1560 1526 1755 1575 Domini
1782 1528 1825 1574 in
1851 1527 1973 1577 Vero·
1992 1544 2050 1576 ex
2074 1531 2197 1577 bono
2220 1531 2344 1594 apud

359 1593 522 1643 illum:
559 1593 667 1657 quia
691 1592 752 1640 ita
772 1592 853 1650 est,
889 1592 1066 1655 Angeli
1093 1591 1153 1639 ita
1177 1590 1441 1655 loquuntur,
1490 1609 1592 1641 nam
1620 1593 1825 1641 tribuunt
1860 1595 2191 1659 cogitationem
2217 1597 2345 1645 Vero

351 1675 415 1708 ex
434 1662 558 1708 bono
581 1659 838 1710 abst-maen
863 1659 1070 1724 pensnna,
1106 1660 1155 1708 ἃ
1178 1659 1241 1715 fic
1259 1659 1390 1708 fimul
1424 1661 1684 1724 percipiunt
1719 1661 1843 1709 unde
1876 1663 2096 1725 cogitatio
2119 1665 2214 1711 veri
2236 1685 2249 1719 3
2284 1678 2342 1711 ex

356 1727 427 1776 his
453 1739 592 1791 patet,
627 1729 773 1791 qualis
797 1728 972 1791 loquela
995 1727 1059 1775 est
1083 1727 1305 1789 angelica,
1341 1727 1390 1776 &
1414 1728 1539 1790 quod
1567 1727 1616 1774 sit
1639 1727 1819 1793 loquela
1844 1727 2089 1792 sapientiae.

424 1797 570 1857 8835.
622 1794 736 1843 Non
775 1794 921 1859 potest
946 1794 1143 1859 populus
1158 1794 1391 1843 ascendere
1424 1795 1485 1843 ad
1522 1808 1725 1843 montem
1762 1795 1903 1851 Sinai,
1950 1797 2077 1859 quod
2118 1798 2345 1863 significet

352 1863 483 1927 quod
508 1860 564 1909 ad
586 1861 764 1910 coeleste
787 1876 984 1924 regnum
1009 1875 1231 1926 nequeant
1258 1861 1300 1909 se
1323 1862 1515 1918 elevare,
1549 1862 1722 1909 constat
1743 1878 1800 1910 ex
1826 1862 2154 1925 significatione
2179 1866 2342 1931 populi

356 1929 432 1977 seu
457 1928 661 1978 filiorum
687 1929 874 1988 IsraeliS,
910 1929 1032 1996 quod
1059 1929 1144 1977 fint
1168 1929 1245 1993 qui
1263 1945 1288 1976 e
1306 1945 1450 1992 regno
1474 1929 1693 1992 spirituali
1716 1950 1729 1983 ;
1764 1945 1820 1975 ex
1845 1929 2170 1989 significatione
2194 1934 2346 1980 ascen-

355 1995 484 2052 dere,
519 1998 653 2059 quod*
679 1997 735 2045 fit
766 1998 976 2052 elevare;
1009 1998 1060 2046 δε
1090 2013 1147 2044 ex
1186 1995 1513 2060 fignificatione
1551 1996 1719 2044 montis
1743 1996 1896 2052 Sinai,
1920 1999 2047 2061 quod
2073 2000 2127 2047 fit
2151 2017 2343 2064 regnum

354 2061 558 2121 coeleste,
593 2062 652 2110 de
685 2080 775 2128 qua
809 2065 942 2131 supra
962 2079 1023 2113 n:
1051 2066 1197 2129 8827.
1265 2063 1390 2113 Haec
1420 2061 1663 2129 quomodo
1685 2062 1728 2112 se
1751 2062 1941 2122 habent,
1978 2064 2187 2115 videatur
2210 2067 2344 2133 supra

358 2145 413 2177 n:
441 2130 586 2193 8794.
613 2133 671 2180 87
716 2146 758 2193 7.

425 2196 572 2260 8836.
610 2147 734 2259 Q19ia
764 2197 847 2246 Tu
885 2196 1154 2247 contestatus
1176 2213 1223 2246 es
1247 2196 1294 2246 in
1317 2213 1415 2256 nos»,
1461 2197 1577 2264 quid
1611 2196 1837 2262 significet
1859 2198 1967 2264 quia
1989 2215 2016 2247 a
2039 2199 2216 2250 Divino
2239 2217 2343 2250 cau-

355 2272 478 2322 tum,
513 2264 686 2312 constat
708 2264 878 2329 absque
899 2266 1216 2330 explicatione.

426 2332 573 2395 8837.
611 2331 822 2379 Dicendo
855 2334 1076 2381 terminos
1108 2331 1454 2398 ponas'monti,
1505 2330 1632 2397 quod
1666 2330 1891 2396 fignificet
1915 2348 1993 2397 per
2016 2333 2140 2396 quod
2169 2333 2340 2398 sphaera

354 2393 595 2460 spiritualis
619 2398 725 2446 boni
749 2398 864 2447 infra
887 2399 1079 2459 desinat,
1116 2400 1290 2449 constat
1308 2416 1364 2447 ex
1385 2400 1713 2463 fignificatione
1737 2403 1955 2449 terminos
1982 2416 2151 2462 ponere
2175 2402 2340 2458 monti,

352 2463 486 2528 quod
507 2462 560 2512 fit
582 2467 784 2517 extensio
807 2466 853 2514 in
877 2467 1051 2515 coelum
1088 2483 1180 2514 non
1211 2468 1330 2516 ultra
1364 2483 1508 2532 quam
1536 2467 1593 2514 ad
1628 2466 1822 2533 sphaeras
1842 2466 2092 2531 spirituales
2117 2467 2244 2525 boni,
2280 2468 2339 2516 de

356 2545 451 2594 qua
474 2529 688 2593 supi-an:
716 2537 863 2610 8794.
892 2537 1038 2600 8795.
1067 2534 1210 2598 8796.
1236 2537 1398 2611 8797..
1927 2600 1937 2610 Ο
1976 2599 1988 2610 .

427 2598 572 2659 8838'.
607 2597 670 2649 Et
704 2600 930 2650 sanetifica
959 2617 1084 2658 eum,
1119 2601 1246 2666 quod
1287 2601 1510 2664 significet
1541 2599 1665 2665 quod
1699 2600 1757 2649 fic
1788 2615 1844 2648 ex
1874 2599 2055 2650 Divino
2094 2614 2343 2660 arceantur,

357 2662 534 2711 constat
556 2679 613 2712 ex
637 2665 964 2729 significatione
988 2667 1275 2725 sanctificare,
1316 2668 1445 2733 quod
1469 2667 1522 2714 fit
1544 2668 1756 2716 obvelare
1779 2668 1990 2716 interiora
2015 2683 2063 2717 ut
2086 2684 2273 2719 externa
2298 2671 2345 2717 in

355 2728 508 2778 saneto
531 2745 795 2796 appareant,
830 2736 889 2782 de
911 2751 1004 2800 qua
1027 2753 1086 2783 n-:
1113 2739 1255 2802 8788.
1285 2735 1432 2793 8806,
1481 2734 1543 2782 ita
1563 2750 1753 2800 quoque
1776 2736 1911 2784 arceri
1936 2751 1964 2781 a
1986 2736 2162 2783 Divino
2188 2754 2242 2785 ne
2266 2738 2349 2786 lae-

357 2796 529 2845 dantur
549 2818 563 2851 3
597 2814 706 2847 nam
731 2799 812 2847 nili
836 2802 1170 2859 obvelatentur,
1205 2813 1457 2867 penetraret
1479 2802 1728 2861 Divinum,
1752 2804 1802 2852 δι
1825 2801 2086 2859 destrueret,
2111 2805 2344 2867 prael'cntia

355 2862 482 2911 enim
507 2864 670 2913 Di'vini
694 2865 758 2913 est
781 2866 894 2915 ficut
919 2868 1037 2932 ignis
1061 2869 1330 2917 consumens
1349 2869 1437 2920 illis
1457 2869 1539 2934 qui
1576 2885 1667 2917 non
1708 2870 1908 2917 obvelati
1947 2869 2083 2926 sunt·‚
2119 2872 2224 2917 inc‘e
2261 2870 2355 2926 est,.

356 2929 487 2995 quod
511 2932 820 2998 etiam-angeli
846 2934 1117 2985 obvelentur
1140 2937 1284 2992 nube,
1331 2952 1390 2983 n:
1417 2939 1544 2998 6849
1567 2957 1582 2991 ς
1628 2952 1686 2983 ex
1711 2935 1780 2983 his
1803 2936 2002 2984 constare
2029 2936 2192 3000 potest,
2228 2937 2347 3001 quid

362 2997 632 3064 intelligitur
670 3012 751 3065 per
789 3000 988 3049 obvelari
1009 3019 1021 3048 :
1065 3001 1194 3067 quod
1238 3003 1325 3050 hoc
1363 3002 1638 3067 significetur
1679 3018 1759 3067 per
1799 3002 2082 3060 sanctificari,
2135 3003 2199 3050 est
2238 3005 2348 3068 quia

358 3078 469 3113 cum
508 3067 708 3114 obvelat-i
746 3081 964 3133 apparent
998 3068 1042 3116 in
1085 3069 1254 3127 saneto,
1309 3084 1416 3116 narn
1452 3083 1559 3117 tunc
1595 3069 1746 3135 potest
1785 3070 2015 3119 Divinum
2059 3070 2261 3129 influere,
2297 3073 2349 3120 &

269 3171 272 3173 .
355 3129 507 3179 sistere
545 3133 611 3184 ibi
643 3133 814 3194 statum
839 3136 1030 3187 boni&
1052 3134 1250 3187 formam
1285 3138 1400 3194 veri,
1435 3138 1562 3202 quod
1593 3138 1762 3204 absque
1796 3139 2084 3187 obvelatione
2122 3153 2214 3186 non
2252 3137 2349 3191 fieri

526 3264 529 3266 ’
1369 3269 1423 3318 U
1459 3285 1486 3320 2
2207 3269 2298 3334 898
2308 3285 2356 3334 3:
