2644 3796
642 287 975 350 CAPUT
1020 283 1497 369 DECIMUM
1541 285 1964 350 SEXTUM.
2211 310 2292 371 25

293 414 502 471 enimest
524 418 756 480 receptio;
792 419 841 465 &
866 417 896 464 fi
922 431 1014 464 non
1036 414 1251 479 receptio,
1287 413 1451 461 sistitur
1480 413 1531 460 δε
1566 413 1686 476 perit
1720 413 1934 467 influxus,
1970 413 2064 459 imo
2094 414 2294 465 internus

292 486 435 532 homo
455 484 589 530 etiam
613 484 871 539 clauditur;
907 484 1011 530 inde
1041 495 1183 546 patet,
1218 480 1346 544 quod
1382 480 1579 528 naturale
1615 481 1805 528 omnino
1841 480 2288 531 accommodandum

291 551 378 606 fit,
397 561 450 597 ut
481 550 536 596 stt
564 550 923 612 receptaculum:
958 549 1047 595 hoc
1070 548 1135 595 fit'
1151 547 1231 612 per
1250 546 1472 611 jucunda,
1510 561 1612 593 nam
1652 546 1784 602 bona,
1818 561 1925 613 quae
1964 544 2172 592 naturalis
2205 547 2286 595 ho-

291 616 426 663 minis
459 614 575 671 sunt,
610 628 830 662 vocantur
858 614 1080 678 jucunda,
1116 617 1242 677 quia
1260 612 1522 660 sentiuntur.
1593 612 1739 676 Qod
1782 610 1897 658 sclav
1936 611 1990 658 fit
2025 610 2288 674 jucundum

291 681 504 737 naturale,
539 681 603 728 est
640 681 784 737 causa,
818 694 872 728 ut
894 681 1088 737 dictum,
1124 681 1232 743 quia
1263 681 1359 725 avis
1396 680 1527 725 maris
1563 691 1671 734 erat,
1709 693 1815 725 nam
1850 679 2015 732 dicitur
2054 679 2181 741 quod
2211 683 2289 727 ab·

292 760 446 811 reptus
469 747 523 798 fit
543 763 570 794 e
594 748 724 804 mari,
760 752 795 774 ‘⁶
819 748 995 794 Ventus
1026 743 1255 810 profeCms
1282 744 1346 792 est
1364 760 1395 791 a
1417 743 1643 806 Jehovah,
1677 745 1726 791 δε
1749 745 1942 806 abripuit
1968 744 2092 807 sclav
2116 760 2138 790 e
2159 750 2287 803 mari,

293 817 345 862 δε
366 813 546 861 demisit
565 813 696 878 super
713 812 903 871 castra,.'’
938 813 1069 860 Num
1091 831 1103 860 τ
1130 827 1186 859 Χι
1208 830 1219 859 :
1249 828 1327 875 31,
1362 815 1599 874 atque'per
1622 826 1753 857 avem
1773 811 1906 857 maris
1923 811 1972 857 &
1990 808 2084 874 ejus
2107 826 2287 860 carnem

292 879 569 943 fignificatur
600 878 861 943 jucundum
900 878 1111 935 naturale,
1146 879 1268 925 acin
1291 877 1502 941 oppofito
1522 875 1643 923 sensu
1671 875 1934 939 jucundum
1970 876 2289 939 concupiscen-

293 947 406 1001 tiae;
442 946 528 994 hoc
557 946 777 1009 fignificat
810 945 926 992 sclav
956 945 1005 991 in
1037 943 1320 1008 sequentibus
1349 943 1472 1007 apud
1506 942 1748 1000 Moschen,
1783 948 1816 969 “
1842 942 2072 990 Colluvies
2104 958 2211 1006 quae
2243 947 2291 993 in

295 1013 451 1060 medio
478 1013 639 1076 populi
674 1014 1004 1074 concupiverunt
1027 1011 1412 1073 concupiscentiam,
1449 1010 1498 1058 ὅτ
1522 1008 1735 1056 volebant
1768 1009 1925 1056 habere
1948 1025 2130 1065 carnem,
2166 1009 2290 1058 dice-

296 1078 422 1133 bant,
458 1093 581 1125 nunc
611 1078 761 1124 anima
791 1076 939 1125 nostra
971 1076 1092 1124 arida
1121 1076 1202 1134 est,
1238 1092 1321 1123 nec
1358 1076 1609 1139 quicquam
1646 1075 1726 1122 nisi
1763 1076 1891 1139 quod
1931 1075 1988 1123 ad
2029 1091 2134 1122 man
2170 1079 2291 1126 oculi

293 1143 462 1192 nostri:
495 1155 657 1191 ventus
693 1141 920 1206 profectus
957 1142 1022 1190 est
1055 1159 1082 1190 a
1113 1157 1223 1190 cum
1247 1141 1470 1204 Jehovah,
1506 1144 1555 1190 δε
1577 1142 1771 1203 abripuit
1785 1142 1909 1204 filav
1932 1159 1954 1188 e
1976 1145 2103 1197 mari,
2140 1146 2189 1191 δε
2213 1145 2292 1192 de·

293 1210 419 1257 milit
444 1207 574 1273 super
601 1208 766 1257 castra:
802 1208 989 1256 surrexit
1020 1209 1219 1272 populus
1255 1219 1355 1255 toto
1393 1207 1468 1255 die
1501 1207 1597 1264 illo,
1632 1209 1681 1255 ἂ
1706 1220 1800 1255 tota
1821 1209 1967 1262 nocte,
2004 1221 2195 1272 totoque
2219 1212 2292 1259 die

294 1276 504 1331 crastino,
537 1290 591 1323 ac
626 1275 906 1339 collegerunt
943 1274 1062 1322 sclav
1083 1276 1113 1330 ;‘
1146 1276 1228 1338 qui
1267 1275 1532 1330 minimum,
1582 1275 1861 1337 collegerunt
1900 1276 2057 1322 decem
2098 1289 2323 1334 omeress

292 1358 410 1405 quos
433 1341 515 1389 fibi
537 1342 851 1405 expanderunt
871 1340 1170 1406 expandendo
1194 1342 1313 1388 circa
1334 1339 1494 1389 castra:
1520 1356 1624 1388 caro
1647 1341 1794 1388 adhuc
1817 1343 1930 1388 inter
1954 1342 2107 1389 dentes
2131 1360 2290 1391 eorum

293 1421 539 1471 antequam
561 1407 875 1471 deglutiretur,
910 1423 1019 1455 curn
1053 1408 1118 1454 ira
1139 1408 1332 1468 jehovae
1365 1406 1524 1454 exarsit
1555 1409 1601 1454 in
1631 1408 1876 1471 populum,
1912 1409 1962 1455 δε
1986 1413 2194 1471 percuffit
2215 1412 2292 1471 Je-

295 1474 446 1521 hovah
469 1474 514 1522 in
538 1473 714 1538 populo
735 1474 915 1538 plagam
941 1469 1345 1536 magnamvalde3
1381 1474 1503 1520 unde
1538 1475 1720 1520 vocavit
1756 1489 1924 1521 nomen
1959 1475 2046 1522 loci
2087 1475 2203 1523 illius
2221 1479 2291 1540 ft·

287 1540 475 1602 pulchra
495 1540 847 1603 concupiscentiae,
881 1541 988 1603 quia
1024 1540 1087 1587 ibi
1127 1538 1423 1602 sepeliverunt
1459 1539 1686 1602 populum
1725 1542 2096 1602 concupiscentes,”
2130 1543 2291 1591 Num:

295 1622 384 1654 x1:
411 1624 455 1668 5.
482 1606 528 1654 6.
552 1622 629 1669 31.
655 1612 732 1670 32.
761 1623 786 1670 3
794 1623 837 1670 3,
865 1623 959 1670 34;
995 1605 1069 1652 hic
1090 1604 1206 1652 sclav
1232 1620 1319 1669 pro
1333 1603 1544 1668 jucundo
1565 1606 1954 1669 concupiscentiae.
2024 1608 2293 1669 Jucundum

294 1671 673 1736 concupiscentiae
694 1684 902 1729 vocatur,
936 1687 1045 1720 cum
1076 1670 1341 1734 jucundum
1381 1669 1568 1736 alicujus
1603 1675 1770 1720 amoris
1802 1675 2008 1736 corporei
2032 1688 2120 1723 ,aut
2159 1692 2291 1723 mun·

294 1739 404 1787 dani
427 1739 704 1795 dominatur,
737 1753 790 1787 ac
821 1750 974 1788 totum
1010 1738 1245 1786 hominem
1284 1750 1496 1801 occupat,
1531 1737 1671 1802 usque
1694 1752 1749 1786 ut
1768 1739 2022 1803 exstinguat
2046 1741 2218 1788 bonum
2244 1746 2293 1790 δε

295 1820 459 1853 verum
499 1803 608 1853 fidei
644 1805 768 1870 apud
806 1805 936 1853 illum
957 1827 973 1860 ;
1009 1803 1096 1852 hoc
1109 1802 1372 1868 jucundum
1396 1804 1460 1852 est
1482 1806 1609 1868 quod
1633 1804 1912 1862 describitur,
1948 1821 2133 1870 propter
2166 1811 2296 1872 quod

296 1872 486 1936 percusti
508 1870 613 1920 sunt
634 1872 766 1936 plaga
789 1887 985 1936 magna:
1021 1883 1067 1919 at
1079 1868 1343 1935 jucundum
1367 1871 1581 1928 naturale,
1615 1872 1743 1935 quod
1765 1872 1811 1919 in
1835 1871 1922 1920 hoc
1942 1874 2103 1937 Capite
2125 1875 2296 1939 fignifi-

288 1950 422 1986 -catur
458 1953 540 2002 per
573 1937 706 1995 sclav,
741 1939 871 2001 quod
903 1938 1064 1986 datum
1093 1937 1271 2002 populo
1302 1938 1350 1985 in
1374 1937 1585 2002 Vespera,
1622 1954 1716 1985 non
1744 1937 1809 1986 est
1835 1936 2092 2001 jucundum
2126 1958 2295 1989 concu-

293 2002 540 2068 piscentiae,
575 2003 650 2052 sed
673 2004 738 2052 est
760 2002 1023 2068 jucundum
1058 2003 1266 2051 naturalis
1290 2002 1363 2051 seu
1385 2005 1557 2052 externi
1579 2004 1779 2052 hominis
1802 2006 2150 2069 correspondens
2175 2008 2298 2057 bono

292 2069 531 2134 spiritualis
564 2069 638 2119 seu
673 2072 869 2127 interni3
905 2071 995 2119 hoc
1011 2067 1273 2132 jucundum
1297 2071 1344 2117 in
1367 2069 1409 2118 se
1431 2070 1563 2118 habet
1596 2069 1772 2119 bonum
1796 2071 2033 2135 spirituale,
2069 2087 2113 2121 at
2137 2074 2295 2135 jucun-

294 2138 412 2184 dum
433 2136 825 2205 concupiscentiae,
858 2137 916 2185 de
936 2152 1033 2200 quo
1054 2137 1211 2185 Num:
1235 2152 1318 2193 xr3
1355 2137 1402 2184 in
1425 2135 1466 2184 se
1482 2136 1615 2185 habet
1639 2138 1813 2186 malum
1837 2137 2082 2196 infernale3
2117 2153 2297 2190 utrum-

291 2217 387 2267 que
409 2203 579 2251 dicitur
591 2201 875 2267 jucundum,
908 2203 959 2252 &
981 2218 1166 2269 quoque
1189 2215 1438 2267 utrumque
1459 2202 1646 2251 sentitur
1669 2205 1720 2252 δι
1735 2202 2017 2269 jucundum,
2053 2206 2127 2254 sed
2154 2211 2296 2256 maxi-

295 2284 373 2318 ma
399 2270 637 2318 intercedit
664 2269 931 2327 differentia,
965 2284 1112 2317 unum
1143 2271 1267 2319 enim
1292 2271 1338 2317 in
1362 2269 1406 2318 se
1428 2268 1562 2318 habet
1582 2270 1779 2328 coelum,
1811 2272 2003 2320 alterum
2027 2273 2074 2321 in
2097 2268 2139 2322 se
2163 2275 2298 2324 habet

294 2333 542 2393 infernum,
560 2337 713 2384 etiam
738 2352 884 2384 unum
918 2336 975 2383 fit
1005 2336 1181 2385 homini
1211 2335 1408 2393 coelum,
1441 2336 1493 2384 &
1523 2336 1715 2385 alterum
1751 2338 1807 2385 fit
1838 2337 2014 2389 homini
2047 2339 2294 2399 infernum,

293 2417 423 2450 cum·
436 2415 678 2450 externum
701 2404 926 2451 exuitur:
962 2403 1062 2451 haec
1102 2401 1144 2451 se
1180 2402 1345 2451 habent
1380 2403 1496 2451 ficut
1531 2403 1652 2451 binae
1691 2405 1915 2463 mulieres,
1951 2420 2061 2470 quae·
2093 2407 2299 2457 fimiliter

296 2465 409 2515 facie
431 2468 644 2532 pulchrae‘
658 2469 708 2517 ὅτ.
731 2470 827 2516 vita
847 2484 1040 2517 amaenae
1058 2480 1276 2533 apparent
1296 2470 1347 2517 in
1365 2474 1550 2518 externa
1571 2468 1739 2527 forma,
1770 2469 1844 2518 sed
1866 2471 2043 2535 prorsus
2066 2473 2297 2524 diffimiles

295 2532 467 2582 suntin
491 2536 678 2591 interna,
713 2551 803 2583 una
839 2551 1005 2599 nempe
1044 2535 1184 2584 castra
1213 2537 1264 2584 ὅτ
1298 2535 1415 2593 iana,
1448 2536 1584 2584 altera
1618 2535 1781 2584 lasciva
1811 2538 1862 2584 δε
1894 2538 2069 2601 putida,
2113 2541 2175 2588 ita
2207 2557 2297 2592 una

291 2600 445 2663 quoad
468 2599 674 2664 spiritum
708 2600 842 2649 suum
878 2602 1067 2666 angeliS,
1101 2601 1241 2650 altera
1275 2602 1428 2665 quoad
1465 2601 1672 2666 spiritum
1711 2601 1846 2651 suum
1880 2604 2107 2661 diabolis;
2144 2608 2295 2671 quales

291 2680 446 2714 autem
478 2665 595 2723 sunt,
631 2683 724 2715 non
754 2681 941 2732 apparet
979 2667 1059 2715 nist
1100 2683 1211 2716 curn
1246 2680 1484 2716 externum
1516 2669 1765 2726 evolvitur,
1801 2685 1852 2717 ac
1876 2670 2102 2719 internum
2127 2676 2295 2722 revela·

292 2744 368 2780 tur
389 2751 402 2780 ε
437 2733 539 2780 haec
562 2733 680 2781 di&
702 2733 821 2790 sunt,
855 2739 908 2782 u't
931 2733 1091 2782 sciatur
1112 2733 1225 2798 quid
1241 2731 1507 2798 jucundum
1531 2736 1727 2784 naturale
1751 2736 1797 2783 in
1818 2752 1914 2800 quo
1927 2736 2130 2796 bonum,
2165 2741 2295 2804 quod

292 2798 572 2863 significatur
611 2815 693 2862 per
730 2799 846 2847 sclav
884 2801 931 2848 in
969 2801 1056 2848 hoc
1077 2801 1258 2864 Capite,
1280 2801 1343 2849 ’δε
1366 2802 1480 2866 quid
1502 2799 1766 2865 jucundum
1790 2805 1987 2853 naturale
2009 2806 2056 2853 in
2080 2822 2175 2870 quo
2199 2822 2295 2855 ma-

294 2864 410 2922 lum,
445 2865 572 2928 quod
597 2865 874 2929 significatur
896 2882 976 2929 per
998 2866 1112 2915 selav
1134 2864 1268 2914 Num
1288 2884 1300 2915 :
1326 2868 1457 2932 Cap:
1482 2884 1554 2916 xi.
1867 2890 1870 2894 ⁴

363 2935 506 2995 8453.
543 2931 608 2979 Et
629 2931 804 2979 obtexit
828 2932 980 2989 castra,
1014 2931 1144 2996 quod
1167 2932 1391 2997 significet
1410 2935 1540 2997 quod
1563 2935 1823 2998 impleverit
1847 2935 2046 2984 hominis
2079 2939 2293 2998 naturale,

294 2996 468 3046 constat
487 3012 545 3045 ex
568 2997 891 3061 significatione
906 2999 1136 3062 obtegere,
1159 2999 1288 3062 quod
1310 2999 1365 3047 fit
1387 3000 1574 3064 implere
1586 3023 1602 3056 ς
1635 3002 1687 3049 δε
1709 3017 1767 3049 ex
1789 3002 2112 3067 significatione
2134 3004 2296 3055 castro-

290 3074 414 3120 rum,
449 3063 576 3128 quod
599 3063 687 3112 fint
708 3064 826 3112 bona
849 3065 1045 3121 Severa,
1080 3064 1140 3111 de
1168 3080 1258 3128 qua
1287 3082 1350 3114 n:
1379 3069 1522 3132 8193.
1551 3069 1695 3132 8196,
1730 3068 1805 3116 hic
1834 3069 2046 3127 naturale,
2082 3072 2210 3135 quod
2233 3073 2298 3121 est

217 3168 225 3170 ἡ
288 3130 542 3188 continenS,
578 3145 684 3178 nam
707 3131 904 3179 naturale
933 3131 1136 3179 continet
1157 3130 1277 3178 bona
1298 3132 1349 3180 &
1371 3147 1494 3190 vera,
1527 3133 1578 3181 &
1602 3133 1765 3198 absque
1787 3134 1874 3182 illis
1897 3152 1991 3184 non
2011 3135 2075 3184 est
2098 3140 2297 3187 naturale

291 3196 472 3255 vivum,
506 3211 589 3246 nec
622 3195 798 3247 bonum
830 3197 882 3247 &
915 3213 1076 3248 verum
1110 3197 1399 3315 externiDseu
1436 3198 1648 3250 naturalis
1679 3200 1881 3251 hominis
1910 3201 2075 3268 absque
2107 3207 2300 3254 naturali

1528 3314 1533 3318 ,
2195 3271 2308 3319 sunt.
