2644 3796
693 248 1027 398 CAPUT
1074 288 1544 362 DECIMUM
1585 298 2009 385 SEXTUM.
2262 306 2340 360 21

355 445 362 449 -
415 426 558 492 8433.
595 425 648 474 In
670 414 822 474 audire
846 426 1474 489 Jehonmmunmurationes
1498 424 1677 483 vestras,
1713 425 1839 490 quod
1871 424 2093 488 fignificet
2129 422 2254 487 quod
2288 421 2348 470 sic

343 494 571 542 ceffaturae
593 495 909 558 querimoniae,
945 493 1116 541 constat
1137 510 1194 542 ex
1217 494 1302 542 illis
1326 494 1454 557 supra
1479 511 1534 541 n:
1565 497 1655 553 842
1665 498 1709 552 8,
1747 491 1823 538 ubi
1846 492 2005 538 similia
2026 490 2175 536 verba.

352 587 355 590 >
412 567 553 628 8434.
592 560 778 626 Qibus
802 576 886 608 vos
920 573 1254 611 murmurantes
1277 574 1432 609 contra
1454 560 1627 623 Ipsum,
1663 558 1787 623 quod
1830 557 2051 621 fignificet
2087 555 2212 619 quod
2254 555 2345 600 illae

344 626 512 676 fuerint
535 641 690 675 contra
712 628 938 676 Divinum
962 650 975 684 ;
1012 629 1061 675 &
1085 643 1167 674 nos
1190 627 1323 691 quid,
1359 644 1451 674 non
1474 640 1631 675 contra
1656 643 1735 672 nos
1767 624 2144 673 murmurationes
2167 621 2344 675 vestrae,

342 696 470 757 quod
505 695 726 758 significet
761 694 889 757 quod
930 711 1021 741 non
1059 705 1217 741 contra
1255 694 1355 740 illos
1388 691 1872 758 quirepraesentabant
1896 691 2140 746 Divinum,
2176 687 2346 735 constat

342 761 477 809 etiam
500 778 556 808 ex
581 762 666 808 illis
689 761 822 825 supra
844 777 901 810 n:
933 765 1078 826 8429,
1115 760 1194 808 ubi
1217 760 1390 808 fimilia.

414 833 506 891 843
515 846 558 891 5.
595 828 742 892 Qod
766 839 922 876 contra
937 828 1181 888 Jehovam,
1216 828 1343 891 quod
1370 826 1590 891 significet
1615 838 1667 872 ut
1690 825 1769 872 fibi
1794 824 1975 888 posthac
1998 834 2200 878 caveant,
2238 837 2348 867 con·

343 893 426 942 stat
449 911 505 942 ex
534 911 591 942 eo
618 895 745 958 quod
780 896 945 942 iterum
967 894 1162 951 dicatur,
1197 894 1323 958 quod
1352 894 1731 940 murmurationes
1766 893 1948 939 illorum
1980 891 2066 937 sint
2089 902 2244 937 contra
2267 888 2345 949 je-

343 962 531 1019 hovam,
568 962 653 1008 hoc
676 961 754 1017 est,
792 973 950 1008 contra
972 961 1218 1017 Divinum,
1255 960 1360 1007 inde
1383 959 1463 1016 est,
1498 961 1626 1023 quod
1664 975 1744 1023 per
1779 975 1828 1006 ea
1859 958 1994 1005 verba
2030 973 2149 1003 nunc
2188 955 2348 1003 intelli-

343 1041 493 1092 gatur,
528 1028 653 1091 quod
679 1027 758 1074 fibi
782 1027 964 1092 posthac
989 1043 1013 1074 a
1030 1027 1192 1074 talibus
1215 1027 1511 1091 querimoniis
1536 1026 1582 1072 in
1604 1026 1922 1084 tentationibus
1947 1037 2143 1071 caveant.

351 1113 355 1117 ·
416 1096 556 1158 8436.
592 1092 735 1142 Vers:
762 1112 806 1158 9.
839 1112 910 1143 10.
942 1108 1013 1142 11.
1043 1111 1114 1142 12.
1174 1096 1238 1141 Et
1276 1093 1389 1141 dixit
1415 1092 1619 1156 Moscheh
1650 1092 1711 1139 ad
1730 1092 1989 1147 Aharonem,
2025 1091 2093 1137 dic
2113 1090 2171 1137 ad
2192 1103 2346 1136 omnem

345 1171 494 1208 caetum
518 1161 712 1221 filiorum
736 1161 921 1225 Israelis,
958 1163 1295 1225 appropinquate
1326 1176 1466 1207 coram
1501 1159 1722 1220 Jehovah,
1756 1161 1856 1224 quia
1897 1158 2068 1206 audivit
2109 1172 2348 1204 murmura—

345 1230 476 1275 tiones
499 1228 686 1286 ταῶνας(
747 1231 811 1274 Et
832 1227 930 1290 fuit
960 1235 1009 1274 ut
1039 1228 1152 1291 loqui
1176 1228 1355 1274 Aharon
1391 1227 1452 1274 ad
1484 1242 1639 1274 omnem
1678 1236 1825 1273 caetum
1854 1225 2043 1284 filiorum
2070 1223 2255 1287 Israelis,
2292 1223 2348 1270 ΕΩ)

344 1295 612 1356 respexerunt
649 1292 710 1342 ad
744 1294 965 1357 desertum,
1001 1294 1055 1343 ΕΒ
1089 1311 1176 1342 ecce
1203 1295 1346 1357 gloria
1372 1293 1554 1359 Jehovae
1591 1294 1702 1357 ‘cisa-
1719 1295 1770 1340 in
1806 1292 1924 1340 nube.
1996 1293 2060 1339 Et
2083 1292 2276 1355 loquutus
2299 1289 2351 1350 est

344 1362 550 1424 Jehovah
581 1361 641 1408 ad
660 1362 882 1424 Moschen,
917 1361 1096 1409 dicendo.
1168 1361 1338 1410 Audivi
1376 1363 1726 1408 murmurationes
1751 1358 1943 1419 filiorum
1969 1358 2153 1422 Israelis,
2187 1357 2351 1421 loquere

346 1427 407 1475 ad
423 1427 532 1485 illos,
568 1427 752 1484 dicendo,
788 1430 901 1475 inter
923 1428 1119 1490 vesperas
1141 1428 1356 1475 comedetis
1379 1443 1561 1484 carnem,
1599 1428 1656 1477 {9³
1680 1429 1726 1474 in
1749 1437 1919 1475 matuta
1931 1426 2205 1488 satiabimini
2220 1436 2351 1485 pane,

347 1494 403 1542 &³
439 1496 684 1558 cognoscetis
720 1494 830 1567 qaod
859 1497 955 1557 Ego
980 1494 1187 1558 Jehovah
1211 1496 1330 1542 Deus
1365 1493 1512 1553 vester.
1583 1493 1648 1540 Et
1684 1494 1800 1540 dixit
1835 1491 2055 1540 Moscheh
2092 1492 2147 1537 ad
2174 1491 2353 1538 Aharo·

347 1575 471 1618 nem,
509 1560 732 1624 fignificat
771 1562 997 1608 influxum
1023 1559 1623 1609 VerinDivinidmmediate
1653 1577 1677 1607 a
1700 1561 1907 1607 Domino
1948 1558 2232 1623 procedentis
2271 1573 2354 1621 per

348 1627 524 1675 Verum
548 1628 775 1675 Divinum
799 1628 924 1692 quod
951 1627 1175 1676 mediate:
1213 1628 1287 1675 dic
1312 1627 1367 1676 ad
1392 1643 1578 1674 omnem
1613 1639 1784 1674 caetum
1819 1626 2020 1674 filiorum
2052 1624 2230 1683 Israelis,
2267 1625 2354 1688 fig-

348 1694 501 1755 nificat
532 1694 903 1742 instruetionem:
940 1695 1297 1759 appropinquate
1321 1710 1474 1742 coram
1497 1694 1724 1754 Jehovah,
1760 1693 1982 1758 fignificat
2004 1691 2166 1739 statum
2199 1707 2353 1755 recep-

348 1762 485 1808 tionis
514 1762 565 1808 &
595 1761 944 1825 applicationem
978 1762 1033 1808 ad
1058 1762 1216 1810 illum:
1254 1762 1360 1825 quia
1386 1762 1561 1809 audivit
1596 1761 1975 1808 murmurationes
1999 1758 2180 1814 vestras,
2216 1758 2352 1822 figni-

351 1826 458 1877 ficat
485 1840 672 1892 propter
705 1822 999 1876 indolentiam
1034 1829 1081 1876 in
1110 1829 1363 1890 tentatione·
1380 1841 1431 1875 ut
1453 1843 1588 1892 opem
1613 1826 1751 1876 ferat:
1788 1829 1836 1875 δε
1863 1825 1968 1884 fuit,
2004 1838 2055 1873 ut
2078 1826 2205 1890 loqui
2229 1826 2354 1872 Aha-

273 1928 277 1929 r
350 1909 434 1942 ron
474 1895 529 1942 ad
567 1911 755 1943 omnem
797 1907 968 1943 caetum
1004 1894 1188 1953 Israelis,
1242 1894 1462 1958 fignificat
1506 1893 1845 1942 instruclionem
1890 1910 1914 1941 a
1951 1894 2128 1941 Divino
2167 1908 2246 1957 per
2286 1894 2354 1939 in—

351 1961 558 2010 fluxum:
594 1962 645 2010 &
670 1961 954 2026 respexerunt
984 1962 1041 2009 ad
1065 1961 1306 2019 deserfflm,
1346 1961 1566 2025 fignificat
1589 1962 1944 2022 recordationem
1982 1960 2118 2007 status
2147 1960 2358 2007 tentatio·

349 2028 419 2082 nis
444 2030 611 2093 inquo
633 2027 846 2078 fuerunt:
885 2031 934 2076 δε
958 2043 1062 2077 ecce
1084 2029 1230 2093 gloria
1253 2029 1445 2091 Jehovae
1467 2028 1559 2077 visa
1583 2029 1627 2075 in
1652 2029 1788 2085 nube,
1823 2027 2045 2091 fignificat
2068 2025 2351 2090 praesentiam

350 2095 546 2143 Domini
579 2097 625 2143 in
648 2111 758 2143 vero
790 2097 1137 2144 accommodato
1169 2096 1224 2143 ad
1261 2096 1689 2160 apperceptionem:
1726 2096 1775 2144 δε
1810 2095 2027 2158 loquutus
2064 2093 2127 2141 est
2150 2093 2357 2155 Jehovah

352 2161 406 2208 ad
434 2161 673 2220 Mesenen,
709 2163 922 2219 dicendo,
958 2162 1180 2225 fignificat
1201 2163 1376 2210 Verum
1417 2162 1546 2227 quod
1580 2179 1605 2210 a
1626 2163 1802 2210 Divino
1824 2162 2018 2210 Domini
2051 2161 2272 2225 procedit,
2310 2162 2357 2207 in

353 2244 448 2291 quo
479 2229 720 2293 'praesentia
755 2230 979 2277 Domini:
1032 2229 1186 2278 audivi
1235 2230 1612 2277 murmurationes
1657 2228 1858 2277 filiorum
1900 2227 2082 2286 IsraeliS,
2135 2227 2358 2290 fignificat

352 2294 748 2357 quodceffaturae
786 2297 1087 2360 querimoniae
1120 2313 1228 2360 quae
1265 2312 1323 2344 ex
1361 2299 1634 2345 tentatione:
1671 2296 1854 2360 loquere
1895 2295 1950 2343 ad
1989 2294 2108 2351 illos,
2145 2293 2356 2350 dicendo,

353 2361 576 2422 fignificat
600 2361 969 2410 informationem
992 2379 1072 2427 per
1096 2364 1355 2420 influxum·‚
1390 2365 1507 2410 inter
1528 2362 1730 2427 vesperas
1762 2362 2011 2411 comedetis
2035 2377 2232 2418 carnem,
2269 2361 2358 2425 fig„

348 2429 506 2480 ¹nificat
530 2431 574 2476 in
600 2429 689 2476 fine
715 2429 849 2476 status
872 2430 1231 2493 appropriabitur
1256 2430 1431 2478 bonum
1465 2445 1548 2494 per
1561 2428 1825 2493 jucundum
1848 2451 1863 2485 ·,
1900 2431 1947 2476 ὅτ
1973 2431 2018 2475 in
2042 2440 2212 2475 matuta
2235 2428 2357 2474 satia-

352 2493 513 2542 bimini
536 2511 666 2559 pane,
703 2496 926 2560 fignificat
953 2497 1081 2560 quod
1107 2500 1153 2544 in
1178 2498 1401 2560 principio
1424 2496 1560 2544 status
1584 2498 1695 2544 novi
1727 2496 1964 2543 habebitur
1996 2495 2171 2542 bonum
2213 2510 2357 2556 quan-

354 2573 454 2608 tum
488 2563 681 2626 recipere
713 2564 915 2626 poffent:
953 2566 1002 2611 &
1023 2562 1458 2628 cognoscetis‘quod
1480 2563 1590 2627 Ego
1614 2562 1835 2624 Jehovah‚
1873 2562 2095 2625 significat
2132 2574 2185 2609 ut
2224 2561 2360 2609 sciant

352 2628 480 2691 quod
500 2629 730 2680 Dominus
765 2628 880 2676 solus
904 2631 1043 2678 Deus.
1388 2644 1461 2690 ξμς

425 2699 567 2759 8437.
605 2696 670 2742 Et
693 2696 809 2743 dixit
833 2697 1055 2744 Moscheh
1078 2696 1135 2744 ad
1160 2698 1440 2753 Aharonem,
1476 2696 1604 2760 quod
1637 2695 1858 2760 significet
1890 2695 2115 2742 influxum
2142 2695 2249 2742 Veri
2273 2696 2358 2742 Di-

353 2762 450 2808 vini
494 2762 755 2809 immediate
793 2780 816 2810 a
838 2764 1047 2811 Domino
1085 2764 1367 2827 procedentis
1406 2779 1486 2827 per
1507 2764 1685 2810 Verum
1711 2764 1938 2810 Divinum
1977 2763 2105 2826 quod
2147 2762 2360 2819 mediate,

354 2827 527 2875 constat
565 2844 622 2875 ex
660 2829 983 2892 significatione
1025 2831 1189 2888 dicere,
1225 2847 1334 2878 cum
1357 2847 1383 2878 a
1404 2831 1529 2877 Vero
1553 2832 1728 2877 Divino
1764 2830 1891 2892 quod
1925 2829 2189 2876 immediate
2212 2845 2236 2875 a
2259 2830 2360 2876 Do·

355 2896 486 2942 mino
509 2897 733 2958 procedit,
770 2897 894 2959 quod
925 2896 1264 2960 repraesentatur
1293 2913 1372 2961 per
1400 2897 1635 2953 Moschen,
1676 2913 1757 2960 per
1778 2897 1954 2943 Verum
1979 2896 2206 2942 Divinum
2231 2896 2359 2958 quod

355 2962 549 3009 mediate
591 2963 640 3009 δε
678 2977 758 3025 per
797 2962 1059 3010 Aharonem
1096 2963 1451 3027 repraesentatur,
1503 2965 1631 3025 quod
1673 2965 1726 3010 sit
1767 2964 1983 3019 influxuS,
2035 2962 2160 3024 quod
2210 2962 2358 3011 dicere

352 3029 488 3075 etiam
529 3028 583 3076 fit
619 3029 820 3086 influere,
857 3029 1062 3076 videatur
1101 3046 1158 3078 n:
1181 3046 1325 3095 5743.
1355 3034 1497 3092 6152.
1527 3031 1669 3095 6291.
1700 3047 1843 3095 7291.
1871 3028 2010 3094 7'381·
2042 3033 2182 3077 8222.
2212 3030 2357 3085 8262,

356 3097 405 3141 &
430 3095 558 3158 quod
583 3094 804 3142 Moscheh
826 3095 880 3142 fit
903 3096 1078 3143 Verum
1103 3097 1229 3160 quod
1256 3097 1520 3144 immediate
1543 3113 1568 3144 a
1588 3099 1798 3144 Domino
1833 3095 2056 3160 procedit,
2094 3096 2140 3142 &
2168 3096 2358 3159 Aharon

301 3196 303 3198 ψ
353 3162 479 3224 quod
506 3162 714 3218 mediate,
752 3179 812 3210 n:
844 3178 985 3228 7009.
1015 3179 1161 3229 70¹0·
1193 3168 1334 3228 7089.
1366 3168 1507 3228 7382.
1581 3163 1711 3228 Qid
1737 3164 1911 3210 Verum
1938 3162 2199 3210 immediate
2221 3164 2361 3209 aDo-

315 3281 319 3284 ,
353 3230 480 3276 mino
503 3229 775 3292 procedens,
811 3230 861 3278 &
884 3231 997 3293 quid
1022 3229 1197 3278 Verum
1226 3231 1437 3288 mediate,
1476 3247 1538 3280 n:
1569 3246 1710 3295 7055.
1742 3233 1883 3295 7056.
1915 3233 2061 3294 7058.

2217 3297 2360 3357 8438.
