<?xml version="1.0" encoding="UTF-8"?>
<!DOCTYPE html PUBLIC "-//W3C//DTD XHTML 1.0 Transitional//EN"
    "http://www.w3.org/TR/xhtml1/DTD/xhtml1-transitional.dtd">
<html xmlns="http://www.w3.org/1999/xhtml" xml:lang="en" lang="en">
 <head>
  <title>
</title>
<meta http-equiv="Content-Type" content="text/html;charset=utf-8" />
  <meta name='ocr-system' content='tesseract 3.04.00' />
  <meta name='ocr-capabilities' content='ocr_page ocr_carea ocr_par ocr_line ocrx_word'/>
</head>
<body>
  <div class='ocr_page' id='page_1' title='image "arcanacaelestiaq07sweduoft_0396.png"; bbox 0 0 2722 3684; ppageno 0'>
   <div class='ocr_carea' id='block_1_1' title="bbox 78 173 2423 3257">
    <p class='ocr_par' dir='ltr' id='par_1_1' title="bbox 78 173 2423 3257">
     <span class='ocr_line' id='line_1_1' title="bbox 385 173 1929 266; baseline 0.001 -25"><span class='ocrx_word' id='word_1_1' title='bbox 385 200 515 266; x_wconf 79' lang='lat'>390</span> <span class='ocrx_word' id='word_1_2' title='bbox 828 174 892 238; x_wconf 91' lang='lat' dir='ltr'><em>E</em></span> <span class='ocrx_word' id='word_1_3' title='bbox 1030 174 1112 240; x_wconf 85' lang='lat' dir='ltr'><em>X</em></span> <span class='ocrx_word' id='word_1_4' title='bbox 1240 177 1302 242; x_wconf 74' lang='lat' dir='ltr'>&#39;O</span> <span class='ocrx_word' id='word_1_5' title='bbox 1443 173 1518 243; x_wconf 84' lang='lat' dir='ltr'><em>D</em></span> <span class='ocrx_word' id='word_1_6' title='bbox 1660 174 1731 242; x_wconf 86' lang='lat' dir='ltr'><em>U</em></span> <span class='ocrx_word' id='word_1_7' title='bbox 1864 178 1929 243; x_wconf 83' lang='lat' dir='ltr'>S.</span> 
     </span>
     <span class='ocr_line' id='line_1_2' title="bbox 383 294 2356 364; baseline 0.001 -16"><span class='ocrx_word' id='word_1_8' title='bbox 383 299 594 348; x_wconf 83' lang='lat' dir='ltr'>saffocant</span> <span class='ocrx_word' id='word_1_9' title='bbox 617 296 665 344; x_wconf 75' lang='grc' dir='ltr'>δε</span> <span class='ocrx_word' id='word_1_10' title='bbox 689 294 956 358; x_wconf 77' lang='lat' dir='ltr'>infrugifera</span> <span class='ocrx_word' id='word_1_11' title='bbox 980 298 1191 355; x_wconf 90' lang='lat' dir='ltr'>reddunt,</span> <span class='ocrx_word' id='word_1_12' title='bbox 1226 298 1360 346; x_wconf 91' lang='lat' dir='ltr'>docet</span> <span class='ocrx_word' id='word_1_13' title='bbox 1384 297 1611 346; x_wconf 75' lang='lat' dir='ltr'>Dominus</span> <span class='ocrx_word' id='word_1_14' title='bbox 1633 299 1756 363; x_wconf 89' lang='lat' dir='ltr'>apud</span> <span class='ocrx_word' id='word_1_15' title='bbox 1779 299 1993 348; x_wconf 88' lang='lat' dir='ltr'>Marcum</span> <span class='ocrx_word' id='word_1_16' title='bbox 2028 297 2159 364; x_wconf 86' lang='lat' dir='ltr'>Cap:</span> <span class='ocrx_word' id='word_1_17' title='bbox 2187 317 2242 349; x_wconf 89' lang='lat' dir='ltr'>1v</span> <span class='ocrx_word' id='word_1_18' title='bbox 2263 318 2273 349; x_wconf 78' lang='grc' dir='ltr'><strong><em>ε</em></strong></span> <span class='ocrx_word' id='word_1_19' title='bbox 2311 315 2356 364; x_wconf 77' lang='grc'>,7.</span> 
     </span>
     <span class='ocr_line' id='line_1_3' title="bbox 393 364 2356 428; baseline 0 -13"><span class='ocrx_word' id='word_1_20' title='bbox 393 370 470 416; x_wconf 87' lang='lat'>18.</span> <span class='ocrx_word' id='word_1_21' title='bbox 513 381 605 428; x_wconf 75' lang='lat'>¹9⁸²</span> <span class='ocrx_word' id='word_1_22' title='bbox 641 365 921 428; x_wconf 78' lang='lat' dir='ltr'>quapropter</span> <span class='ocrx_word' id='word_1_23' title='bbox 962 365 1128 412; x_wconf 88' lang='lat' dir='ltr'>dicitur</span> <span class='ocrx_word' id='word_1_24' title='bbox 1163 364 1289 428; x_wconf 93' lang='lat' dir='ltr'>quod</span> <span class='ocrx_word' id='word_1_25' title='bbox 1329 364 1675 419; x_wconf 81' lang='lat' dir='ltr'>cirumciderent</span> <span class='ocrx_word' id='word_1_26' title='bbox 1715 364 1756 412; x_wconf 92' lang='lat' dir='ltr'>se</span> <span class='ocrx_word' id='word_1_27' title='bbox 1780 365 1977 428; x_wconf 90' lang='lat' dir='ltr'>Jehovae</span> <span class='ocrx_word' id='word_1_28' title='bbox 2001 366 2356 415; x_wconf 85' lang='lat' dir='ltr'>&amp;removerent</span> 
     </span>
     <span class='ocr_line' id='line_1_4' title="bbox 388 429 2355 497; baseline 0.002 -19"><span class='ocrx_word' id='word_1_29' title='bbox 388 431 619 497; x_wconf 69' lang='lat' dir='ltr'>praeputia</span> <span class='ocrx_word' id='word_1_30' title='bbox 641 431 804 486; x_wconf 86' lang='lat' dir='ltr'>cordis,</span> <span class='ocrx_word' id='word_1_31' title='bbox 832 431 917 478; x_wconf 89' lang='lat' dir='ltr'>hoc</span> <span class='ocrx_word' id='word_1_32' title='bbox 941 430 1019 486; x_wconf 86' lang='lat' dir='ltr'>est,</span> <span class='ocrx_word' id='word_1_33' title='bbox 1055 431 1179 492; x_wconf 90' lang='lat' dir='ltr'>quod</span> <span class='ocrx_word' id='word_1_34' title='bbox 1199 430 1462 493; x_wconf 86' lang='lat' dir='ltr'>purficarent</span> <span class='ocrx_word' id='word_1_35' title='bbox 1488 430 1528 476; x_wconf 90' lang='lat' dir='ltr'>se</span> <span class='ocrx_word' id='word_1_36' title='bbox 1552 446 1574 476; x_wconf 90' lang='lat' dir='ltr'>a</span> <span class='ocrx_word' id='word_1_37' title='bbox 1594 429 1756 479; x_wconf 87' lang='lat' dir='ltr'>talibus</span> <span class='ocrx_word' id='word_1_38' title='bbox 1780 448 1886 495; x_wconf 90' lang='lat' dir='ltr'>quae</span> <span class='ocrx_word' id='word_1_39' title='bbox 1910 447 2014 479; x_wconf 87' lang='lat' dir='ltr'>vera</span> <span class='ocrx_word' id='word_1_40' title='bbox 2037 433 2087 480; x_wconf 86' lang='lat'>&amp;</span> <span class='ocrx_word' id='word_1_41' title='bbox 2106 434 2222 480; x_wconf 89' lang='lat' dir='ltr'>bona</span> <span class='ocrx_word' id='word_1_42' title='bbox 2247 434 2355 481; x_wconf 87' lang='lat' dir='ltr'>fidei</span> 
     </span>
     <span class='ocr_line' id='line_1_5' title="bbox 387 494 2351 561; baseline 0.002 -17"><span class='ocrx_word' id='word_1_43' title='bbox 387 498 609 545; x_wconf 82' lang='lat' dir='ltr'>suffocant</span> <span class='ocrx_word' id='word_1_44' title='bbox 631 498 678 544; x_wconf 73' lang='grc' dir='ltr'>δε</span> <span class='ocrx_word' id='word_1_45' title='bbox 705 494 964 558; x_wconf 83' lang='lat' dir='ltr'>infrugifera</span> <span class='ocrx_word' id='word_1_46' title='bbox 991 496 1217 550; x_wconf 88' lang='lat' dir='ltr'>reddunt·‚</span> <span class='ocrx_word' id='word_1_47' title='bbox 1240 495 1559 544; x_wconf 86' lang='lat' dir='ltr'>circumcidere</span> <span class='ocrx_word' id='word_1_48' title='bbox 1574 495 1621 542; x_wconf 89' lang='lat' dir='ltr'>id</span> <span class='ocrx_word' id='word_1_49' title='bbox 1643 495 1713 552; x_wconf 86' lang='lat' dir='ltr'>fit,</span> <span class='ocrx_word' id='word_1_50' title='bbox 1735 498 1977 544; x_wconf 87' lang='lat' dir='ltr'>videaturn</span> <span class='ocrx_word' id='word_1_51' title='bbox 1999 514 2010 544; x_wconf 77' lang='grc' dir='ltr'><strong><em>ε</em></strong></span> <span class='ocrx_word' id='word_1_52' title='bbox 2038 514 2185 561; x_wconf 82' lang='lat'>2039.</span> <span class='ocrx_word' id='word_1_53' title='bbox 2206 502 2351 560; x_wconf 86' lang='lat'>2056.</span> 
     </span>
     <span class='ocr_line' id='line_1_6' title="bbox 394 560 2358 626; baseline 0.001 -15"><span class='ocrx_word' id='word_1_54' title='bbox 394 564 539 626; x_wconf 59' lang='lat'>2632.</span> <span class='ocrx_word' id='word_1_55' title='bbox 580 577 724 625; x_wconf 85' lang='lat'><strong>34¹2·</strong></span> <span class='ocrx_word' id='word_1_56' title='bbox 763 578 906 624; x_wconf 84' lang='lat'>3413.</span> <span class='ocrx_word' id='word_1_57' title='bbox 944 561 1089 620; x_wconf 80' lang='lat'><strong>4462.</strong></span> <span class='ocrx_word' id='word_1_58' title='bbox 1128 575 1256 623; x_wconf 89' lang='lat'>7045</span> <span class='ocrx_word' id='word_1_59' title='bbox 1279 579 1290 609; x_wconf 90' lang='lat'><strong>:</strong></span> <span class='ocrx_word' id='word_1_60' title='bbox 1344 560 1487 609; x_wconf 80' lang='lat' dir='ltr'>simile</span> <span class='ocrx_word' id='word_1_61' title='bbox 1511 576 1589 624; x_wconf 89' lang='lat' dir='ltr'>per</span> <span class='ocrx_word' id='word_1_62' title='bbox 1601 563 1744 624; x_wconf 83' lang='lat' dir='ltr'><em>serere</em></span> <span class='ocrx_word' id='word_1_63' title='bbox 1765 565 1915 611; x_wconf 83' lang='lat' dir='ltr'>tritica</span> <span class='ocrx_word' id='word_1_64' title='bbox 1937 565 1984 611; x_wconf 77' lang='grc' dir='ltr'>ὅτ.</span> <span class='ocrx_word' id='word_1_65' title='bbox 2021 574 2171 613; x_wconf 86' lang='lat' dir='ltr'>metere</span> <span class='ocrx_word' id='word_1_66' title='bbox 2192 566 2358 626; x_wconf 80' lang='lat' dir='ltr'>spinas,</span> 
     </span>
     <span class='ocr_line' id='line_1_7' title="bbox 390 627 2355 695; baseline 0 -18"><span class='ocrx_word' id='word_1_67' title='bbox 390 631 666 691; x_wconf 80' lang='lat' dir='ltr'>significatur</span> <span class='ocrx_word' id='word_1_68' title='bbox 708 630 827 690; x_wconf 89' lang='lat' dir='ltr'>apud</span> <span class='ocrx_word' id='word_1_69' title='bbox 855 628 1101 689; x_wconf 87' lang='lat' dir='ltr'>Jeremiam</span> <span class='ocrx_word' id='word_1_70' title='bbox 1126 627 1255 690; x_wconf 86' lang='lat' dir='ltr'>Cap:</span> <span class='ocrx_word' id='word_1_71' title='bbox 1298 643 1389 677; x_wconf 73' lang='grc' dir='ltr'>κη</span> <span class='ocrx_word' id='word_1_72' title='bbox 1421 644 1432 673; x_wconf 89' lang='lat'>:</span> <span class='ocrx_word' id='word_1_73' title='bbox 1474 644 1547 690; x_wconf 86' lang='lat'>13.</span> <span class='ocrx_word' id='word_1_74' title='bbox 1621 628 1769 690; x_wconf 90' lang='lat' dir='ltr'>Apud</span> <span class='ocrx_word' id='word_1_75' title='bbox 1795 629 2003 676; x_wconf 88' lang='lat' dir='ltr'>Micham</span> <span class='ocrx_word' id='word_1_76' title='bbox 2048 637 2082 659; x_wconf 88' lang='lat'><strong>“</strong></span> <span class='ocrx_word' id='word_1_77' title='bbox 2103 630 2211 695; x_wconf 84' lang='lat' dir='ltr'>Ego</span> <span class='ocrx_word' id='word_1_78' title='bbox 2234 631 2355 677; x_wconf 90' lang='lat' dir='ltr'>defa-</span> 
     </span>
     <span class='ocr_line' id='line_1_8' title="bbox 388 692 2356 758; baseline 0.001 -17"><span class='ocrx_word' id='word_1_79' title='bbox 388 695 561 757; x_wconf 87' lang='lat' dir='ltr'>tigatus</span> <span class='ocrx_word' id='word_1_80' title='bbox 588 696 681 741; x_wconf 90' lang='lat' dir='ltr'>sum</span> <span class='ocrx_word' id='word_1_81' title='bbox 709 692 1001 755; x_wconf 86' lang='lat' dir='ltr'>percutiendo</span> <span class='ocrx_word' id='word_1_82' title='bbox 1027 704 1088 749; x_wconf 92' lang='lat' dir='ltr'>te,</span> <span class='ocrx_word' id='word_1_83' title='bbox 1124 693 1397 740; x_wconf 90' lang='lat' dir='ltr'>devastando</span> <span class='ocrx_word' id='word_1_84' title='bbox 1422 705 1611 756; x_wconf 85' lang='lat' dir='ltr'>propter</span> <span class='ocrx_word' id='word_1_85' title='bbox 1634 707 1809 757; x_wconf 89' lang='lat' dir='ltr'>peccata</span> <span class='ocrx_word' id='word_1_86' title='bbox 1834 707 1905 743; x_wconf 87' lang='lat' dir='ltr'>tua</span> <span class='ocrx_word' id='word_1_87' title='bbox 1931 716 1946 749; x_wconf 83' lang='lat'>3</span> <span class='ocrx_word' id='word_1_88' title='bbox 1996 705 2045 742; x_wconf 91' lang='lat' dir='ltr'>tu</span> <span class='ocrx_word' id='word_1_89' title='bbox 2055 698 2168 756; x_wconf 88' lang='lat' dir='ltr'>seres</span> <span class='ocrx_word' id='word_1_90' title='bbox 2178 695 2256 758; x_wconf 74' lang='lat' dir='ltr'>ftd</span> <span class='ocrx_word' id='word_1_91' title='bbox 2277 712 2356 743; x_wconf 87' lang='lat' dir='ltr'>non</span> 
     </span>
     <span class='ocr_line' id='line_1_9' title="bbox 389 758 2357 820; baseline -0.001 -11"><span class='ocrx_word' id='word_1_92' title='bbox 389 772 546 814; x_wconf 55' lang='lat' dir='ltr'>meten</span> <span class='ocrx_word' id='word_1_93' title='bbox 584 772 630 805; x_wconf 91' lang='lat' dir='ltr'>tu</span> <span class='ocrx_word' id='word_1_94' title='bbox 658 759 844 806; x_wconf 81' lang='lat' dir='ltr'>calcabis</span> <span class='ocrx_word' id='word_1_95' title='bbox 875 758 1064 816; x_wconf 88' lang='lat' dir='ltr'>olivam,</span> <span class='ocrx_word' id='word_1_96' title='bbox 1104 758 1174 806; x_wconf 88' lang='lat' dir='ltr'>sed</span> <span class='ocrx_word' id='word_1_97' title='bbox 1197 775 1286 807; x_wconf 90' lang='lat' dir='ltr'>non</span> <span class='ocrx_word' id='word_1_98' title='bbox 1306 774 1448 820; x_wconf 86' lang='lat' dir='ltr'>unges</span> <span class='ocrx_word' id='word_1_99' title='bbox 1466 772 1508 806; x_wconf 87' lang='lat' dir='ltr'>te</span> <span class='ocrx_word' id='word_1_100' title='bbox 1533 759 1669 813; x_wconf 89' lang='lat' dir='ltr'>oleo·,</span> <span class='ocrx_word' id='word_1_101' title='bbox 1705 760 1755 807; x_wconf 74' lang='grc' dir='ltr'>δε</span> <span class='ocrx_word' id='word_1_102' title='bbox 1781 760 1998 816; x_wconf 89' lang='lat' dir='ltr'>mustum,</span> <span class='ocrx_word' id='word_1_103' title='bbox 2022 760 2098 808; x_wconf 88' lang='lat' dir='ltr'>sed</span> <span class='ocrx_word' id='word_1_104' title='bbox 2117 777 2207 808; x_wconf 88' lang='lat' dir='ltr'>non</span> <span class='ocrx_word' id='word_1_105' title='bbox 2231 763 2357 810; x_wconf 84' lang='lat' dir='ltr'>bibes</span> 
     </span>
     <span class='ocr_line' id='line_1_10' title="bbox 390 823 2352 887; baseline 0.001 -14"><span class='ocrx_word' id='word_1_106' title='bbox 390 823 605 873; x_wconf 87' lang='lat' dir='ltr'>vinum.”</span> <span class='ocrx_word' id='word_1_107' title='bbox 643 841 729 871; x_wconf 79' lang='lat' dir='ltr'>vi:</span> <span class='ocrx_word' id='word_1_108' title='bbox 773 842 846 887; x_wconf 83' lang='lat'>13.</span> <span class='ocrx_word' id='word_1_109' title='bbox 891 841 945 884; x_wconf 83' lang='lat'>15</span> <span class='ocrx_word' id='word_1_110' title='bbox 974 846 989 879; x_wconf 85' lang='lat'>;</span> <span class='ocrx_word' id='word_1_111' title='bbox 1040 825 1175 871; x_wconf 87' lang='lat' dir='ltr'>serere</span> <span class='ocrx_word' id='word_1_112' title='bbox 1209 826 1368 872; x_wconf 87' lang='lat' dir='ltr'>&amp;non</span> <span class='ocrx_word' id='word_1_113' title='bbox 1410 837 1577 872; x_wconf 88' lang='lat' dir='ltr'>metere</span> <span class='ocrx_word' id='word_1_114' title='bbox 1609 840 1693 887; x_wconf 91' lang='lat' dir='ltr'>pro</span> <span class='ocrx_word' id='word_1_115' title='bbox 1718 824 1870 873; x_wconf 81' lang='lat' dir='ltr'>instrui</span> <span class='ocrx_word' id='word_1_116' title='bbox 1911 825 1956 872; x_wconf 90' lang='lat' dir='ltr'>in</span> <span class='ocrx_word' id='word_1_117' title='bbox 1981 825 2096 872; x_wconf 92' lang='lat' dir='ltr'>veris</span> <span class='ocrx_word' id='word_1_118' title='bbox 2135 825 2240 874; x_wconf 88' lang='lat' dir='ltr'>fidei</span> <span class='ocrx_word' id='word_1_119' title='bbox 2279 828 2352 875; x_wconf 75' lang='lat' dir='ltr'>sed</span> 
     </span>
     <span class='ocr_line' id='line_1_11' title="bbox 382 889 2345 955; baseline 0 -16"><span class='ocrx_word' id='word_1_120' title='bbox 382 891 550 955; x_wconf 88' lang='lat' dir='ltr'>absque</span> <span class='ocrx_word' id='word_1_121' title='bbox 575 889 781 954; x_wconf 65' lang='lat' dir='ltr'>profestu</span> <span class='ocrx_word' id='word_1_122' title='bbox 802 911 816 944; x_wconf 86' lang='lat'>;</span> <span class='ocrx_word' id='word_1_123' title='bbox 851 891 1016 944; x_wconf 83' lang='lat' dir='ltr'>calcare</span> <span class='ocrx_word' id='word_1_124' title='bbox 1034 891 1207 937; x_wconf 88' lang='lat' dir='ltr'>olivam</span> <span class='ocrx_word' id='word_1_125' title='bbox 1233 890 1306 937; x_wconf 90' lang='lat' dir='ltr'>sed</span> <span class='ocrx_word' id='word_1_126' title='bbox 1333 906 1421 937; x_wconf 88' lang='lat' dir='ltr'>non</span> <span class='ocrx_word' id='word_1_127' title='bbox 1446 905 1615 951; x_wconf 87' lang='lat' dir='ltr'>ungere</span> <span class='ocrx_word' id='word_1_128' title='bbox 1644 890 1683 937; x_wconf 92' lang='lat' dir='ltr'>se</span> <span class='ocrx_word' id='word_1_129' title='bbox 1710 906 1792 952; x_wconf 88' lang='lat' dir='ltr'>pro</span> <span class='ocrx_word' id='word_1_130' title='bbox 1817 890 1970 938; x_wconf 88' lang='lat' dir='ltr'>instrui</span> <span class='ocrx_word' id='word_1_131' title='bbox 1996 892 2052 938; x_wconf 92' lang='lat' dir='ltr'>de</span> <span class='ocrx_word' id='word_1_132' title='bbox 2075 892 2199 938; x_wconf 92' lang='lat' dir='ltr'>bono</span> <span class='ocrx_word' id='word_1_133' title='bbox 2218 892 2345 950; x_wconf 86' lang='lat' dir='ltr'>vitae,</span> 
     </span>
     <span class='ocr_line' id='line_1_12' title="bbox 385 955 2352 1021; baseline 0 -16"><span class='ocrx_word' id='word_1_134' title='bbox 385 957 459 1005; x_wconf 88' lang='lat' dir='ltr'>sed</span> <span class='ocrx_word' id='word_1_135' title='bbox 486 956 626 1021; x_wconf 89' lang='lat' dir='ltr'>usque</span> <span class='ocrx_word' id='word_1_136' title='bbox 650 972 738 1003; x_wconf 90' lang='lat' dir='ltr'>non</span> <span class='ocrx_word' id='word_1_137' title='bbox 763 958 917 1003; x_wconf 87' lang='lat' dir='ltr'>vivere</span> <span class='ocrx_word' id='word_1_138' title='bbox 946 957 992 1003; x_wconf 88' lang='lat' dir='ltr'>in</span> <span class='ocrx_word' id='word_1_139' title='bbox 1018 955 1130 1011; x_wconf 90' lang='lat' dir='ltr'>illo·‚</span> <span class='ocrx_word' id='word_1_140' title='bbox 1173 957 1338 1003; x_wconf 90' lang='lat' dir='ltr'>calcare</span> <span class='ocrx_word' id='word_1_141' title='bbox 1363 955 1563 1004; x_wconf 86' lang='lat' dir='ltr'>mustum</span> <span class='ocrx_word' id='word_1_142' title='bbox 1601 955 1672 1002; x_wconf 90' lang='lat' dir='ltr'>sed</span> <span class='ocrx_word' id='word_1_143' title='bbox 1689 971 1779 1003; x_wconf 87' lang='lat' dir='ltr'>non</span> <span class='ocrx_word' id='word_1_144' title='bbox 1805 956 1957 1004; x_wconf 85' lang='lat' dir='ltr'>bibere</span> <span class='ocrx_word' id='word_1_145' title='bbox 1976 958 2136 1004; x_wconf 86' lang='lat' dir='ltr'>vinum</span> <span class='ocrx_word' id='word_1_146' title='bbox 2162 972 2245 1020; x_wconf 85' lang='lat' dir='ltr'>pro</span> <span class='ocrx_word' id='word_1_147' title='bbox 2285 959 2352 1005; x_wconf 88' lang='lat' dir='ltr'>in·</span> 
     </span>
     <span class='ocr_line' id='line_1_13' title="bbox 386 1021 2423 1086; baseline 0.001 -16"><span class='ocrx_word' id='word_1_148' title='bbox 386 1024 496 1071; x_wconf 89' lang='lat' dir='ltr'>strui</span> <span class='ocrx_word' id='word_1_149' title='bbox 521 1024 577 1069; x_wconf 89' lang='lat' dir='ltr'>de</span> <span class='ocrx_word' id='word_1_150' title='bbox 603 1022 719 1071; x_wconf 87' lang='lat' dir='ltr'>veris</span> <span class='ocrx_word' id='word_1_151' title='bbox 741 1038 847 1086; x_wconf 86' lang='lat' dir='ltr'>quae</span> <span class='ocrx_word' id='word_1_152' title='bbox 871 1037 926 1068; x_wconf 88' lang='lat' dir='ltr'>ex</span> <span class='ocrx_word' id='word_1_153' title='bbox 951 1023 1089 1078; x_wconf 89' lang='lat' dir='ltr'>bono,</span> <span class='ocrx_word' id='word_1_154' title='bbox 1126 1022 1198 1069; x_wconf 91' lang='lat' dir='ltr'>sed</span> <span class='ocrx_word' id='word_1_155' title='bbox 1224 1025 1363 1086; x_wconf 88' lang='lat' dir='ltr'>usque</span> <span class='ocrx_word' id='word_1_156' title='bbox 1399 1038 1488 1068; x_wconf 90' lang='lat' dir='ltr'>non</span> <span class='ocrx_word' id='word_1_157' title='bbox 1508 1024 1796 1086; x_wconf 89' lang='lat' dir='ltr'>appropriare</span> <span class='ocrx_word' id='word_1_158' title='bbox 1823 1022 1898 1069; x_wconf 88' lang='lat' dir='ltr'>illa</span> <span class='ocrx_word' id='word_1_159' title='bbox 1922 1023 2003 1070; x_wconf 87' lang='lat' dir='ltr'>fibi</span> <span class='ocrx_word' id='word_1_160' title='bbox 2030 1040 2041 1070; x_wconf 93' lang='lat'><strong>:</strong></span> <span class='ocrx_word' id='word_1_161' title='bbox 2101 1024 2228 1085; x_wconf 90' lang='lat' dir='ltr'>quod</span> <span class='ocrx_word' id='word_1_162' title='bbox 2254 1021 2354 1072; x_wconf 85' lang='lat' dir='ltr'>ralia</span> <span class='ocrx_word' id='word_1_163' title='bbox 2416 1039 2423 1045; x_wconf 88' lang='lat'><strong>·</strong></span> 
     </span>
     <span class='ocr_line' id='line_1_14' title="bbox 390 1087 2352 1154; baseline 0 -17"><span class='ocrx_word' id='word_1_164' title='bbox 390 1089 609 1138; x_wconf 77' lang='lat' dir='ltr'>Ecclefiae</span> <span class='ocrx_word' id='word_1_165' title='bbox 644 1088 715 1135; x_wconf 91' lang='lat' dir='ltr'>seu</span> <span class='ocrx_word' id='word_1_166' title='bbox 739 1088 848 1135; x_wconf 81' lang='lat' dir='ltr'>coeli</span> <span class='ocrx_word' id='word_1_167' title='bbox 874 1103 950 1151; x_wconf 87' lang='lat' dir='ltr'>per</span> <span class='ocrx_word' id='word_1_168' title='bbox 977 1087 1051 1135; x_wconf 90' lang='lat' dir='ltr'>illa</span> <span class='ocrx_word' id='word_1_169' title='bbox 1078 1088 1404 1151; x_wconf 76' lang='lat' dir='ltr'>significentur,</span> <span class='ocrx_word' id='word_1_170' title='bbox 1442 1100 1564 1151; x_wconf 89' lang='lat' dir='ltr'>patet</span> <span class='ocrx_word' id='word_1_171' title='bbox 1588 1102 1644 1134; x_wconf 90' lang='lat' dir='ltr'>ex</span> <span class='ocrx_word' id='word_1_172' title='bbox 1668 1088 1751 1135; x_wconf 88' lang='lat' dir='ltr'>illis</span> <span class='ocrx_word' id='word_1_173' title='bbox 1781 1103 1886 1149; x_wconf 89' lang='lat' dir='ltr'>quae</span> <span class='ocrx_word' id='word_1_174' title='bbox 1911 1089 2189 1151; x_wconf 85' lang='lat' dir='ltr'>praecedunt‚</span> <span class='ocrx_word' id='word_1_175' title='bbox 2227 1091 2352 1154; x_wconf 88' lang='lat' dir='ltr'>quod</span> 
     </span>
     <span class='ocr_line' id='line_1_15' title="bbox 389 1154 2375 1218; baseline 0 -15"><span class='ocrx_word' id='word_1_176' title='bbox 389 1170 556 1218; x_wconf 86' lang='lat' dir='ltr'>nempe</span> <span class='ocrx_word' id='word_1_177' title='bbox 581 1156 640 1201; x_wconf 85' lang='lat' dir='ltr'>ita</span> <span class='ocrx_word' id='word_1_178' title='bbox 663 1155 996 1202; x_wconf 89' lang='lat' dir='ltr'>devastarentur</span> <span class='ocrx_word' id='word_1_179' title='bbox 1017 1169 1203 1218; x_wconf 87' lang='lat' dir='ltr'>propter</span> <span class='ocrx_word' id='word_1_180' title='bbox 1230 1167 1407 1216; x_wconf 85' lang='lat' dir='ltr'>peccata</span> <span class='ocrx_word' id='word_1_181' title='bbox 1427 1169 1602 1210; x_wconf 89' lang='lat' dir='ltr'>eorum,</span> <span class='ocrx_word' id='word_1_182' title='bbox 1658 1170 1760 1201; x_wconf 92' lang='lat' dir='ltr'>nam</span> <span class='ocrx_word' id='word_1_183' title='bbox 1796 1154 1965 1218; x_wconf 87' lang='lat' dir='ltr'>impius</span> <span class='ocrx_word' id='word_1_184' title='bbox 1988 1168 2032 1202; x_wconf 90' lang='lat' dir='ltr'>et</span> <span class='ocrx_word' id='word_1_185' title='bbox 2058 1171 2262 1218; x_wconf 87' lang='lat' dir='ltr'>peccator</span> <span class='ocrx_word' id='word_1_186' title='bbox 2288 1158 2375 1203; x_wconf 40' lang='lat' dir='ltr'>in»</span> 
     </span>
     <span class='ocr_line' id='line_1_16' title="bbox 387 1219 2351 1283; baseline -0.001 -14"><span class='ocrx_word' id='word_1_187' title='bbox 387 1222 682 1269; x_wconf 72' lang='lat' dir='ltr'>structionem</span> <span class='ocrx_word' id='word_1_188' title='bbox 707 1219 880 1281; x_wconf 81' lang='lat' dir='ltr'>recipit,</span> <span class='ocrx_word' id='word_1_189' title='bbox 920 1219 991 1267; x_wconf 88' lang='lat' dir='ltr'>sed</span> <span class='ocrx_word' id='word_1_190' title='bbox 1029 1220 1172 1267; x_wconf 91' lang='lat' dir='ltr'>modo</span> <span class='ocrx_word' id='word_1_191' title='bbox 1197 1219 1311 1267; x_wconf 88' lang='lat' dir='ltr'>inter</span> <span class='ocrx_word' id='word_1_192' title='bbox 1334 1220 1570 1266; x_wconf 87' lang='lat' dir='ltr'>scientifica</span> <span class='ocrx_word' id='word_1_193' title='bbox 1595 1219 1790 1282; x_wconf 88' lang='lat' dir='ltr'>reponit,</span> <span class='ocrx_word' id='word_1_194' title='bbox 1824 1236 1933 1283; x_wconf 88' lang='lat' dir='ltr'>quae</span> <span class='ocrx_word' id='word_1_195' title='bbox 1959 1235 1984 1266; x_wconf 88' lang='lat' dir='ltr'>e</span> <span class='ocrx_word' id='word_1_196' title='bbox 2009 1226 2228 1268; x_wconf 88' lang='lat' dir='ltr'>memoria</span> <span class='ocrx_word' id='word_1_197' title='bbox 2273 1222 2351 1269; x_wconf 87' lang='lat' dir='ltr'>de-</span> 
     </span>
     <span class='ocr_line' id='line_1_17' title="bbox 389 1284 2354 1351; baseline 0.002 -17"><span class='ocrx_word' id='word_1_198' title='bbox 389 1288 564 1351; x_wconf 87' lang='lat' dir='ltr'>promit</span> <span class='ocrx_word' id='word_1_199' title='bbox 586 1287 641 1333; x_wconf 92' lang='lat' dir='ltr'>ad</span> <span class='ocrx_word' id='word_1_200' title='bbox 659 1286 976 1349; x_wconf 87' lang='lat' dir='ltr'>aucupandum</span> <span class='ocrx_word' id='word_1_201' title='bbox 1003 1285 1190 1341; x_wconf 86' lang='lat' dir='ltr'>famam,</span> <span class='ocrx_word' id='word_1_202' title='bbox 1227 1285 1420 1332; x_wconf 84' lang='lat' dir='ltr'>honores</span> <span class='ocrx_word' id='word_1_203' title='bbox 1451 1287 1500 1332; x_wconf 84' lang='lat'>&amp;</span> <span class='ocrx_word' id='word_1_204' title='bbox 1522 1300 1647 1346; x_wconf 86' lang='lat' dir='ltr'>opes,</span> <span class='ocrx_word' id='word_1_205' title='bbox 1684 1287 1744 1331; x_wconf 92' lang='lat' dir='ltr'>ita</span> <span class='ocrx_word' id='word_1_206' title='bbox 1768 1285 1822 1332; x_wconf 88' lang='lat' dir='ltr'>ad</span> <span class='ocrx_word' id='word_1_207' title='bbox 1850 1284 2131 1333; x_wconf 88' lang='lat' dir='ltr'>serviendum</span> <span class='ocrx_word' id='word_1_208' title='bbox 2160 1286 2258 1335; x_wconf 88' lang='lat' dir='ltr'>usui</span> <span class='ocrx_word' id='word_1_209' title='bbox 2303 1291 2354 1337; x_wconf 88' lang='lat'>&amp;</span> 
     </span>
     <span class='ocr_line' id='line_1_18' title="bbox 388 1349 2352 1414; baseline 0.001 -14"><span class='ocrx_word' id='word_1_210' title='bbox 388 1355 472 1401; x_wconf 86' lang='lat' dir='ltr'>fini</span> <span class='ocrx_word' id='word_1_211' title='bbox 500 1352 634 1408; x_wconf 86' lang='lat' dir='ltr'>malo,</span> <span class='ocrx_word' id='word_1_212' title='bbox 672 1351 776 1397; x_wconf 90' lang='lat' dir='ltr'>inde</span> <span class='ocrx_word' id='word_1_213' title='bbox 814 1367 918 1397; x_wconf 88' lang='lat' dir='ltr'>vera</span> <span class='ocrx_word' id='word_1_214' title='bbox 949 1352 998 1398; x_wconf 76' lang='grc' dir='ltr'>δε</span> <span class='ocrx_word' id='word_1_215' title='bbox 1022 1350 1160 1406; x_wconf 89' lang='lat' dir='ltr'>bona,</span> <span class='ocrx_word' id='word_1_216' title='bbox 1195 1351 1358 1414; x_wconf 90' lang='lat' dir='ltr'>quibus</span> <span class='ocrx_word' id='word_1_217' title='bbox 1385 1350 1527 1397; x_wconf 90' lang='lat' dir='ltr'>homo</span> <span class='ocrx_word' id='word_1_218' title='bbox 1559 1349 1798 1398; x_wconf 69' lang='lat' dir='ltr'>instruclus</span> <span class='ocrx_word' id='word_1_219' title='bbox 1835 1350 1914 1405; x_wconf 87' lang='lat' dir='ltr'>est,</span> <span class='ocrx_word' id='word_1_220' title='bbox 1969 1352 2193 1399; x_wconf 80' lang='lat' dir='ltr'>amittunt</span> <span class='ocrx_word' id='word_1_221' title='bbox 2209 1355 2352 1402; x_wconf 84' lang='lat' dir='ltr'>vitam</span> 
     </span>
     <span class='ocr_line' id='line_1_19' title="bbox 388 1415 2358 1478; baseline 0.001 -12"><span class='ocrx_word' id='word_1_222' title='bbox 388 1420 517 1478; x_wconf 79' lang='lat' dir='ltr'>coeli,</span> <span class='ocrx_word' id='word_1_223' title='bbox 555 1419 601 1464; x_wconf 88' lang='lat'>&amp;</span> <span class='ocrx_word' id='word_1_224' title='bbox 644 1418 761 1464; x_wconf 88' lang='lat' dir='ltr'>fiunt</span> <span class='ocrx_word' id='word_1_225' title='bbox 794 1430 991 1474; x_wconf 87' lang='lat' dir='ltr'>mortua,</span> <span class='ocrx_word' id='word_1_226' title='bbox 1027 1431 1078 1463; x_wconf 88' lang='lat' dir='ltr'>ac</span> <span class='ocrx_word' id='word_1_227' title='bbox 1105 1416 1294 1463; x_wconf 88' lang='lat' dir='ltr'>demum</span> <span class='ocrx_word' id='word_1_228' title='bbox 1320 1415 1564 1464; x_wconf 88' lang='lat' dir='ltr'>mortifera.</span> <span class='ocrx_word' id='word_1_229' title='bbox 1651 1417 1796 1478; x_wconf 89' lang='lat' dir='ltr'>Apud</span> <span class='ocrx_word' id='word_1_230' title='bbox 1836 1415 2014 1464; x_wconf 87' lang='lat' dir='ltr'>Esaiam</span> <span class='ocrx_word' id='word_1_231' title='bbox 2059 1424 2092 1446; x_wconf 85' lang='lat'>“</span> <span class='ocrx_word' id='word_1_232' title='bbox 2117 1418 2236 1464; x_wconf 86' lang='lat' dir='ltr'>Beati</span> <span class='ocrx_word' id='word_1_233' title='bbox 2276 1415 2358 1467; x_wconf 85' lang='lat' dir='ltr'>vos</span> 
     </span>
     <span class='ocr_line' id='line_1_20' title="bbox 374 1480 2357 1548; baseline 0.002 -17"><span class='ocrx_word' id='word_1_234' title='bbox 374 1539 377 1541; x_wconf 41' lang='grc'>,</span> <span class='ocrx_word' id='word_1_235' title='bbox 380 1486 566 1548; x_wconf 81' lang='lat' dir='ltr'>serentes</span> <span class='ocrx_word' id='word_1_236' title='bbox 570 1485 707 1544; x_wconf 84' lang='lat' dir='ltr'>juxta</span> <span class='ocrx_word' id='word_1_237' title='bbox 726 1498 860 1530; x_wconf 86' lang='lat' dir='ltr'>omnes</span> <span class='ocrx_word' id='word_1_238' title='bbox 882 1498 1036 1545; x_wconf 83' lang='lat' dir='ltr'>aquas,</span> <span class='ocrx_word' id='word_1_239' title='bbox 1072 1482 1325 1530; x_wconf 86' lang='lat' dir='ltr'>emittentes</span> <span class='ocrx_word' id='word_1_240' title='bbox 1351 1483 1515 1544; x_wconf 88' lang='lat' dir='ltr'>pedem</span> <span class='ocrx_word' id='word_1_241' title='bbox 1535 1483 1665 1529; x_wconf 90' lang='lat' dir='ltr'>bovis</span> <span class='ocrx_word' id='word_1_242' title='bbox 1689 1483 1738 1530; x_wconf 87' lang='lat'>&amp;</span> <span class='ocrx_word' id='word_1_243' title='bbox 1761 1482 1865 1529; x_wconf 85' lang='lat' dir='ltr'>asini</span> <span class='ocrx_word' id='word_1_244' title='bbox 1886 1480 1917 1505; x_wconf 79' lang='lat'>&#39;⁹</span> <span class='ocrx_word' id='word_1_245' title='bbox 1951 1498 2072 1532; x_wconf 84' lang='lat' dir='ltr'>xxx1</span> <span class='ocrx_word' id='word_1_246' title='bbox 2090 1502 2106 1532; x_wconf 89' lang='grc' dir='ltr'>ι</span> <span class='ocrx_word' id='word_1_247' title='bbox 2130 1501 2146 1530; x_wconf 92' lang='grc'>.·</span> <span class='ocrx_word' id='word_1_248' title='bbox 2175 1500 2251 1539; x_wconf 87' lang='lat'>20,</span> <span class='ocrx_word' id='word_1_249' title='bbox 2279 1487 2357 1534; x_wconf 88' lang='lat' dir='ltr'>Se·</span> 
     </span>
     <span class='ocr_line' id='line_1_21' title="bbox 387 1547 2357 1613; baseline 0.001 -15"><span class='ocrx_word' id='word_1_250' title='bbox 387 1567 485 1598; x_wconf 75' lang='lat' dir='ltr'>rere</span> <span class='ocrx_word' id='word_1_251' title='bbox 501 1550 633 1612; x_wconf 85' lang='lat' dir='ltr'>juxta</span> <span class='ocrx_word' id='word_1_252' title='bbox 650 1564 807 1596; x_wconf 91' lang='lat' dir='ltr'>omnes</span> <span class='ocrx_word' id='word_1_253' title='bbox 824 1564 960 1612; x_wconf 84' lang='lat' dir='ltr'>aquas</span> <span class='ocrx_word' id='word_1_254' title='bbox 982 1548 1044 1597; x_wconf 89' lang='lat' dir='ltr'>est</span> <span class='ocrx_word' id='word_1_255' title='bbox 1063 1547 1215 1595; x_wconf 86' lang='lat' dir='ltr'>instrui</span> <span class='ocrx_word' id='word_1_256' title='bbox 1231 1548 1346 1595; x_wconf 88' lang='lat' dir='ltr'>veris</span> <span class='ocrx_word' id='word_1_257' title='bbox 1360 1547 1705 1613; x_wconf 89' lang='lat' dir='ltr'>quibuscunque</span> <span class='ocrx_word' id='word_1_258' title='bbox 1723 1556 1831 1612; x_wconf 80' lang='lat' dir='ltr'>qu&#39;ae</span> <span class='ocrx_word' id='word_1_259' title='bbox 1854 1548 1908 1595; x_wconf 89' lang='lat' dir='ltr'>ad</span> <span class='ocrx_word' id='word_1_260' title='bbox 1931 1548 2063 1596; x_wconf 86' lang='lat' dir='ltr'>usum</span> <span class='ocrx_word' id='word_1_261' title='bbox 2083 1570 2096 1603; x_wconf 88' lang='lat'>·,</span> <span class='ocrx_word' id='word_1_262' title='bbox 2147 1551 2357 1599; x_wconf 82' lang='lat' dir='ltr'>emittere</span> 
     </span>
     <span class='ocr_line' id='line_1_22' title="bbox 389 1614 2355 1680; baseline 0.001 -17"><span class='ocrx_word' id='word_1_263' title='bbox 389 1614 557 1680; x_wconf 83' lang='lat' dir='ltr'>pedem</span> <span class='ocrx_word' id='word_1_264' title='bbox 579 1616 708 1662; x_wconf 91' lang='lat' dir='ltr'>bovis</span> <span class='ocrx_word' id='word_1_265' title='bbox 733 1615 782 1662; x_wconf 78' lang='grc' dir='ltr'>δε</span> <span class='ocrx_word' id='word_1_266' title='bbox 807 1615 912 1662; x_wconf 82' lang='lat' dir='ltr'>alini</span> <span class='ocrx_word' id='word_1_267' title='bbox 940 1615 1001 1662; x_wconf 91' lang='lat' dir='ltr'>est</span> <span class='ocrx_word' id='word_1_268' title='bbox 1027 1614 1180 1662; x_wconf 90' lang='lat' dir='ltr'>instrui</span> <span class='ocrx_word' id='word_1_269' title='bbox 1208 1615 1251 1662; x_wconf 88' lang='lat' dir='ltr'>in</span> <span class='ocrx_word' id='word_1_270' title='bbox 1279 1616 1407 1661; x_wconf 89' lang='lat' dir='ltr'>bonis</span> <span class='ocrx_word' id='word_1_271' title='bbox 1448 1627 1493 1660; x_wconf 92' lang='lat' dir='ltr'>et</span> <span class='ocrx_word' id='word_1_272' title='bbox 1518 1615 1631 1662; x_wconf 92' lang='lat' dir='ltr'>veris</span> <span class='ocrx_word' id='word_1_273' title='bbox 1668 1615 1878 1662; x_wconf 86' lang='lat' dir='ltr'>externis.</span> <span class='ocrx_word' id='word_1_274' title='bbox 1953 1615 2095 1678; x_wconf 89' lang='lat' dir='ltr'>Apud</span> <span class='ocrx_word' id='word_1_275' title='bbox 2137 1615 2355 1665; x_wconf 89' lang='lat' dir='ltr'>Eundem</span> 
     </span>
     <span class='ocr_line' id='line_1_23' title="bbox 391 1679 2358 1744; baseline 0.002 -16"><span class='ocrx_word' id='word_1_276' title='bbox 391 1690 429 1713; x_wconf 88' lang='lat'><strong>“</strong></span> <span class='ocrx_word' id='word_1_277' title='bbox 471 1683 703 1728; x_wconf 82' lang='lat' dir='ltr'>Venturos</span> <span class='ocrx_word' id='word_1_278' title='bbox 728 1679 943 1728; x_wconf 86' lang='lat' dir='ltr'>radicabit</span> <span class='ocrx_word' id='word_1_279' title='bbox 986 1681 1199 1744; x_wconf 77' lang='lat' dir='ltr'>JacobuS‚</span> <span class='ocrx_word' id='word_1_280' title='bbox 1218 1680 1533 1742; x_wconf 31' lang='lat' dir='ltr'>efflorescet-ssc</span> <span class='ocrx_word' id='word_1_281' title='bbox 1558 1680 1735 1727; x_wconf 87' lang='lat' dir='ltr'>florebit</span> <span class='ocrx_word' id='word_1_282' title='bbox 1760 1679 1904 1736; x_wconf 89' lang='lat' dir='ltr'>Israel,</span> <span class='ocrx_word' id='word_1_283' title='bbox 1939 1682 2006 1727; x_wconf 85' lang='lat' dir='ltr'>ita</span> <span class='ocrx_word' id='word_1_284' title='bbox 2039 1691 2086 1727; x_wconf 88' lang='lat' dir='ltr'>ut</span> <span class='ocrx_word' id='word_1_285' title='bbox 2104 1682 2358 1742; x_wconf 81' lang='lat' dir='ltr'>impleantur</span> 
     </span>
     <span class='ocr_line' id='line_1_24' title="bbox 375 1746 2357 1813; baseline 0.001 -17"><span class='ocrx_word' id='word_1_286' title='bbox 375 1801 380 1806; x_wconf 28' lang='lat'><strong>⁴</strong></span> <span class='ocrx_word' id='word_1_287' title='bbox 382 1747 522 1813; x_wconf 84' lang='lat' dir='ltr'>facies</span> <span class='ocrx_word' id='word_1_288' title='bbox 547 1747 657 1795; x_wconf 85' lang='lat' dir='ltr'>orbis</span> <span class='ocrx_word' id='word_1_289' title='bbox 676 1756 884 1808; x_wconf 87' lang='lat' dir='ltr'>proventu</span> <span class='ocrx_word' id='word_1_290' title='bbox 903 1763 919 1793; x_wconf 90' lang='lat'>.·</span> <span class='ocrx_word' id='word_1_291' title='bbox 976 1763 1066 1794; x_wconf 89' lang='lat' dir='ltr'>non</span> <span class='ocrx_word' id='word_1_292' title='bbox 1101 1747 1280 1793; x_wconf 90' lang='lat' dir='ltr'>avolare</span> <span class='ocrx_word' id='word_1_293' title='bbox 1311 1759 1530 1808; x_wconf 84' lang='lat' dir='ltr'>cogentur</span> <span class='ocrx_word' id='word_1_294' title='bbox 1567 1746 1763 1809; x_wconf 89' lang='lat' dir='ltr'>amplius</span> <span class='ocrx_word' id='word_1_295' title='bbox 1799 1747 2005 1794; x_wconf 72' lang='lat' dir='ltr'>doc&#39;tores</span> <span class='ocrx_word' id='word_1_296' title='bbox 2031 1748 2113 1802; x_wconf 90' lang='lat' dir='ltr'>tui,</span> <span class='ocrx_word' id='word_1_297' title='bbox 2151 1749 2200 1795; x_wconf 75' lang='grc' dir='ltr'>ὅτ</span> <span class='ocrx_word' id='word_1_298' title='bbox 2224 1763 2357 1797; x_wconf 85' lang='lat' dir='ltr'>erunt</span> 
     </span>
     <span class='ocr_line' id='line_1_25' title="bbox 391 1805 2357 1876; baseline 0.001 -15"><span class='ocrx_word' id='word_1_299' title='bbox 391 1815 511 1861; x_wconf 90' lang='lat' dir='ltr'>oculi</span> <span class='ocrx_word' id='word_1_300' title='bbox 555 1814 621 1860; x_wconf 89' lang='lat' dir='ltr'>tui</span> <span class='ocrx_word' id='word_1_301' title='bbox 659 1812 938 1875; x_wconf 85' lang='lat' dir='ltr'>respicientes</span> <span class='ocrx_word' id='word_1_302' title='bbox 962 1812 1168 1859; x_wconf 62' lang='lat' dir='ltr'>dostores</span> <span class='ocrx_word' id='word_1_303' title='bbox 1203 1825 1323 1870; x_wconf 74' lang='lat' dir='ltr'>tu03,</span> <span class='ocrx_word' id='word_1_304' title='bbox 1359 1813 1409 1860; x_wconf 77' lang='grc' dir='ltr'>δε</span> <span class='ocrx_word' id='word_1_305' title='bbox 1432 1827 1554 1860; x_wconf 90' lang='lat' dir='ltr'>aures</span> <span class='ocrx_word' id='word_1_306' title='bbox 1578 1825 1667 1862; x_wconf 81' lang='lat' dir='ltr'>tuae</span> <span class='ocrx_word' id='word_1_307' title='bbox 1689 1811 1873 1871; x_wconf 87' lang='lat' dir='ltr'>audient</span> <span class='ocrx_word' id='word_1_308' title='bbox 1905 1813 2096 1859; x_wconf 88' lang='lat' dir='ltr'>verbum</span> <span class='ocrx_word' id='word_1_309' title='bbox 2125 1829 2148 1858; x_wconf 87' lang='lat' dir='ltr'>a</span> <span class='ocrx_word' id='word_1_310' title='bbox 2174 1814 2274 1876; x_wconf 90' lang='lat' dir='ltr'>post</span> <span class='ocrx_word' id='word_1_311' title='bbox 2298 1805 2357 1872; x_wconf 82' lang='lat' dir='ltr'>te,</span> 
     </span>
     <span class='ocr_line' id='line_1_26' title="bbox 386 1877 2359 1943; baseline 0.001 -16"><span class='ocrx_word' id='word_1_312' title='bbox 386 1879 601 1935; x_wconf 86' lang='lat' dir='ltr'>dicendo,</span> <span class='ocrx_word' id='word_1_313' title='bbox 639 1878 735 1926; x_wconf 87' lang='lat' dir='ltr'>haec</span> <span class='ocrx_word' id='word_1_314' title='bbox 754 1878 827 1925; x_wconf 90' lang='lat' dir='ltr'>via</span> <span class='ocrx_word' id='word_1_315' title='bbox 850 1879 911 1926; x_wconf 90' lang='lat' dir='ltr'>ite</span> <span class='ocrx_word' id='word_1_316' title='bbox 936 1879 980 1925; x_wconf 87' lang='lat' dir='ltr'>in</span> <span class='ocrx_word' id='word_1_317' title='bbox 999 1893 1050 1925; x_wconf 87' lang='lat' dir='ltr'>ea</span> <span class='ocrx_word' id='word_1_318' title='bbox 1074 1895 1085 1926; x_wconf 76' lang='grc' dir='ltr'>ε</span> <span class='ocrx_word' id='word_1_319' title='bbox 1133 1891 1240 1926; x_wconf 90' lang='lat' dir='ltr'>tunc</span> <span class='ocrx_word' id='word_1_320' title='bbox 1265 1878 1475 1942; x_wconf 80' lang='lat' dir='ltr'>jehovah</span> <span class='ocrx_word' id='word_1_321' title='bbox 1498 1877 1622 1926; x_wconf 89' lang='lat' dir='ltr'>dabit</span> <span class='ocrx_word' id='word_1_322' title='bbox 1658 1877 1864 1940; x_wconf 86' lang='lat' dir='ltr'>pluviam</span> <span class='ocrx_word' id='word_1_323' title='bbox 1893 1878 2067 1939; x_wconf 86' lang='lat' dir='ltr'>seminis</span> <span class='ocrx_word' id='word_1_324' title='bbox 2096 1880 2160 1926; x_wconf 85' lang='lat' dir='ltr'>tui</span> <span class='ocrx_word' id='word_1_325' title='bbox 2175 1896 2253 1943; x_wconf 86' lang='lat' dir='ltr'>quo</span> <span class='ocrx_word' id='word_1_326' title='bbox 2269 1897 2359 1928; x_wconf 88' lang='lat' dir='ltr'>con·</span> 
     </span>
     <span class='ocr_line' id='line_1_27' title="bbox 375 1943 2358 2010; baseline 0 -16"><span class='ocrx_word' id='word_1_327' title='bbox 375 1949 498 2009; x_wconf 85' lang='lat' dir='ltr'>seres</span> <span class='ocrx_word' id='word_1_328' title='bbox 521 1956 680 1994; x_wconf 84' lang='lat' dir='ltr'>terram</span> <span class='ocrx_word' id='word_1_329' title='bbox 706 1946 756 1993; x_wconf 75' lang='grc' dir='ltr'>δε</span> <span class='ocrx_word' id='word_1_330' title='bbox 775 1958 924 2007; x_wconf 89' lang='lat' dir='ltr'>panem</span> <span class='ocrx_word' id='word_1_331' title='bbox 942 1954 1172 2007; x_wconf 88' lang='lat' dir='ltr'>proventus</span> <span class='ocrx_word' id='word_1_332' title='bbox 1188 1954 1337 2000; x_wconf 83' lang='lat' dir='ltr'>terroe‚</span> <span class='ocrx_word' id='word_1_333' title='bbox 1375 1945 1424 1992; x_wconf 76' lang='grc' dir='ltr'>δε</span> <span class='ocrx_word' id='word_1_334' title='bbox 1455 1945 1538 1991; x_wconf 89' lang='lat' dir='ltr'>erit</span> <span class='ocrx_word' id='word_1_335' title='bbox 1569 1944 1809 2007; x_wconf 83' lang='lat' dir='ltr'>pingue&amp;</span> <span class='ocrx_word' id='word_1_336' title='bbox 1832 1943 2101 2006; x_wconf 90' lang='lat' dir='ltr'>opulentum</span> <span class='ocrx_word' id='word_1_337' title='bbox 2129 1962 2139 1991; x_wconf 93' lang='lat'>:</span> <span class='ocrx_word' id='word_1_338' title='bbox 2177 1946 2358 2010; x_wconf 89' lang='lat' dir='ltr'>pascent</span> 
     </span>
     <span class='ocr_line' id='line_1_28' title="bbox 389 2009 2355 2077; baseline 0 -18"><span class='ocrx_word' id='word_1_339' title='bbox 389 2028 553 2077; x_wconf 77' lang='lat' dir='ltr'>pecora</span> <span class='ocrx_word' id='word_1_340' title='bbox 576 2024 654 2059; x_wconf 90' lang='lat' dir='ltr'>tua</span> <span class='ocrx_word' id='word_1_341' title='bbox 680 2013 722 2057; x_wconf 90' lang='lat' dir='ltr'>in</span> <span class='ocrx_word' id='word_1_342' title='bbox 746 2011 821 2058; x_wconf 86' lang='lat' dir='ltr'>die</span> <span class='ocrx_word' id='word_1_343' title='bbox 845 2011 922 2058; x_wconf 88' lang='lat' dir='ltr'>illo</span> <span class='ocrx_word' id='word_1_344' title='bbox 946 2024 1076 2074; x_wconf 92' lang='lat' dir='ltr'>prato</span> <span class='ocrx_word' id='word_1_345' title='bbox 1089 2011 1180 2059; x_wconf 88' lang='lat' dir='ltr'>lato</span> <span class='ocrx_word' id='word_1_346' title='bbox 1207 2032 1220 2065; x_wconf 89' lang='lat'>;</span> <span class='ocrx_word' id='word_1_347' title='bbox 1256 2011 1306 2059; x_wconf 88' lang='lat'>&amp;</span> <span class='ocrx_word' id='word_1_348' title='bbox 1327 2011 1450 2059; x_wconf 88' lang='lat' dir='ltr'>boves</span> <span class='ocrx_word' id='word_1_349' title='bbox 1472 2009 1522 2057; x_wconf 72' lang='grc' dir='ltr'>δε</span> <span class='ocrx_word' id='word_1_350' title='bbox 1546 2010 1648 2070; x_wconf 86' lang='lat' dir='ltr'>afini</span> <span class='ocrx_word' id='word_1_351' title='bbox 1664 2010 1888 2058; x_wconf 84' lang='lat' dir='ltr'>laborentes</span> <span class='ocrx_word' id='word_1_352' title='bbox 1904 2019 2066 2058; x_wconf 81' lang='lat' dir='ltr'>terram</span> <span class='ocrx_word' id='word_1_353' title='bbox 2085 2009 2355 2072; x_wconf 86' lang='lat' dir='ltr'>farraginem</span> 
     </span>
     <span class='ocr_line' id='line_1_29' title="bbox 393 2075 2357 2141; baseline 0.001 -16"><span class='ocrx_word' id='word_1_354' title='bbox 393 2094 565 2126; x_wconf 88' lang='lat' dir='ltr'>meram</span> <span class='ocrx_word' id='word_1_355' title='bbox 607 2077 877 2124; x_wconf 88' lang='lat' dir='ltr'>comedent:</span> <span class='ocrx_word' id='word_1_356' title='bbox 929 2077 1012 2124; x_wconf 91' lang='lat' dir='ltr'>erit</span> <span class='ocrx_word' id='word_1_357' title='bbox 1045 2078 1126 2125; x_wconf 89' lang='lat' dir='ltr'>lux</span> <span class='ocrx_word' id='word_1_358' title='bbox 1156 2077 1279 2124; x_wconf 84' lang='lat' dir='ltr'>lunae</span> <span class='ocrx_word' id='word_1_359' title='bbox 1318 2077 1430 2124; x_wconf 81' lang='lat' dir='ltr'>sicut</span> <span class='ocrx_word' id='word_1_360' title='bbox 1469 2075 1544 2123; x_wconf 91' lang='lat' dir='ltr'>lux</span> <span class='ocrx_word' id='word_1_361' title='bbox 1570 2075 1688 2134; x_wconf 87' lang='lat' dir='ltr'>solis,</span> <span class='ocrx_word' id='word_1_362' title='bbox 1725 2077 1774 2123; x_wconf 88' lang='lat'>&amp;</span> <span class='ocrx_word' id='word_1_363' title='bbox 1799 2076 1877 2123; x_wconf 85' lang='lat' dir='ltr'>lux</span> <span class='ocrx_word' id='word_1_364' title='bbox 1902 2075 2002 2124; x_wconf 91' lang='lat' dir='ltr'>solis</span> <span class='ocrx_word' id='word_1_365' title='bbox 2025 2077 2109 2124; x_wconf 88' lang='lat' dir='ltr'>erit</span> <span class='ocrx_word' id='word_1_366' title='bbox 2136 2077 2357 2141; x_wconf 83' lang='lat' dir='ltr'>septupla,</span> 
     </span>
     <span class='ocr_line' id='line_1_30' title="bbox 122 2140 2362 2216; baseline -0 -24"><span class='ocrx_word' id='word_1_367' title='bbox 122 2189 133 2203; x_wconf 68' lang='grc'><em>,</em></span> <span class='ocrx_word' id='word_1_368' title='bbox 287 2165 315 2216; x_wconf 55' lang='grc' dir='ltr'>χ(</span> <span class='ocrx_word' id='word_1_369' title='bbox 394 2145 505 2192; x_wconf 80' lang='lat' dir='ltr'>sicut</span> <span class='ocrx_word' id='word_1_370' title='bbox 529 2145 605 2190; x_wconf 89' lang='lat' dir='ltr'>lux</span> <span class='ocrx_word' id='word_1_371' title='bbox 640 2141 809 2207; x_wconf 84' lang='lat' dir='ltr'>septem</span> <span class='ocrx_word' id='word_1_372' title='bbox 833 2142 1028 2199; x_wconf 87' lang='lat' dir='ltr'>dierum,</span> <span class='ocrx_word' id='word_1_373' title='bbox 1076 2143 1120 2190; x_wconf 91' lang='lat' dir='ltr'>in</span> <span class='ocrx_word' id='word_1_374' title='bbox 1140 2142 1214 2190; x_wconf 88' lang='lat' dir='ltr'>die</span> <span class='ocrx_word' id='word_1_375' title='bbox 1236 2158 1333 2206; x_wconf 93' lang='lat' dir='ltr'>quo</span> <span class='ocrx_word' id='word_1_376' title='bbox 1356 2141 1580 2204; x_wconf 82' lang='lat' dir='ltr'>obligabit</span> <span class='ocrx_word' id='word_1_377' title='bbox 1600 2141 1808 2202; x_wconf 87' lang='lat' dir='ltr'>Jehovah</span> <span class='ocrx_word' id='word_1_378' title='bbox 1831 2140 2069 2189; x_wconf 65' lang='lat' dir='ltr'>fracturam</span> <span class='ocrx_word' id='word_1_379' title='bbox 2094 2144 2255 2207; x_wconf 77' lang='lat' dir='ltr'>populi</span> <span class='ocrx_word' id='word_1_380' title='bbox 2281 2145 2362 2201; x_wconf 88' lang='lat' dir='ltr'>sui,</span> 
     </span>
     <span class='ocr_line' id='line_1_31' title="bbox 78 2182 2360 2271; baseline 0.002 -18"><span class='ocrx_word' id='word_1_381' title='bbox 78 2196 127 2249; x_wconf 44' lang='grc' dir='ltr'><strong>Ἃ</strong></span> <span class='ocrx_word' id='word_1_382' title='bbox 170 2182 246 2241; x_wconf 48' lang='lat'>7*-</span> <span class='ocrx_word' id='word_1_383' title='bbox 285 2211 293 2237; x_wconf 72' lang='grc'>·”</span> <span class='ocrx_word' id='word_1_384' title='bbox 315 2212 331 2227; x_wconf 65' lang='grc'><strong>“</strong></span> <span class='ocrx_word' id='word_1_385' title='bbox 389 2213 445 2258; x_wconf 88' lang='lat'>-&amp;</span> <span class='ocrx_word' id='word_1_386' title='bbox 469 2208 629 2256; x_wconf 88' lang='lat' dir='ltr'>vulnus</span> <span class='ocrx_word' id='word_1_387' title='bbox 654 2211 802 2270; x_wconf 82' lang='lat' dir='ltr'>plagae</span> <span class='ocrx_word' id='word_1_388' title='bbox 825 2206 915 2270; x_wconf 86' lang='lat' dir='ltr'>e’jus</span> <span class='ocrx_word' id='word_1_389' title='bbox 948 2205 1119 2256; x_wconf 88' lang='lat' dir='ltr'>sanabit</span> <span class='ocrx_word' id='word_1_390' title='bbox 1135 2207 1167 2226; x_wconf 89' lang='lat'><strong>”</strong></span> <span class='ocrx_word' id='word_1_391' title='bbox 1204 2225 1362 2271; x_wconf 55' lang='lat' dir='ltr'>xgffl</span> <span class='ocrx_word' id='word_1_392' title='bbox 1391 2225 1404 2255; x_wconf 75' lang='grc' dir='ltr'>ε</span> <span class='ocrx_word' id='word_1_393' title='bbox 1440 2209 1484 2254; x_wconf 85' lang='grc'>6.</span> <span class='ocrx_word' id='word_1_394' title='bbox 1523 2223 1586 2256; x_wconf 87' lang='lat'>20</span> <span class='ocrx_word' id='word_1_395' title='bbox 1623 2208 1677 2255; x_wconf 88' lang='lat' dir='ltr'>ad</span> <span class='ocrx_word' id='word_1_396' title='bbox 1707 2209 1768 2254; x_wconf 88' lang='lat'>26</span> <span class='ocrx_word' id='word_1_397' title='bbox 1795 2228 1809 2261; x_wconf 68' lang='grc' dir='ltr'><strong>ς</strong></span> <span class='ocrx_word' id='word_1_398' title='bbox 1860 2207 1981 2269; x_wconf 92' lang='lat' dir='ltr'>quod</span> <span class='ocrx_word' id='word_1_399' title='bbox 2007 2207 2216 2270; x_wconf 87' lang='lat' dir='ltr'>Jehovah</span> <span class='ocrx_word' id='word_1_400' title='bbox 2235 2210 2360 2257; x_wconf 88' lang='lat' dir='ltr'>daret</span> 
     </span>
     <span class='ocr_line' id='line_1_32' title="bbox 390 2273 2356 2340; baseline 0.001 -18"><span class='ocrx_word' id='word_1_401' title='bbox 390 2276 602 2340; x_wconf 88' lang='lat' dir='ltr'>pluviam</span> <span class='ocrx_word' id='word_1_402' title='bbox 628 2274 809 2322; x_wconf 89' lang='lat' dir='ltr'>seminis</span> <span class='ocrx_word' id='word_1_403' title='bbox 847 2289 943 2337; x_wconf 87' lang='lat' dir='ltr'>quo</span> <span class='ocrx_word' id='word_1_404' title='bbox 966 2273 1212 2322; x_wconf 88' lang='lat' dir='ltr'>consereret</span> <span class='ocrx_word' id='word_1_405' title='bbox 1249 2284 1427 2330; x_wconf 85' lang='lat' dir='ltr'>terram,</span> <span class='ocrx_word' id='word_1_406' title='bbox 1487 2273 1536 2320; x_wconf 75' lang='grc' dir='ltr'>δε</span> <span class='ocrx_word' id='word_1_407' title='bbox 1565 2288 1727 2336; x_wconf 87' lang='lat' dir='ltr'>panem</span> <span class='ocrx_word' id='word_1_408' title='bbox 1775 2285 2024 2336; x_wconf 82' lang='lat' dir='ltr'>proventus</span> <span class='ocrx_word' id='word_1_409' title='bbox 2049 2287 2193 2329; x_wconf 85' lang='lat' dir='ltr'>terrae,</span> <span class='ocrx_word' id='word_1_410' title='bbox 2229 2278 2356 2338; x_wconf 90' lang='lat' dir='ltr'>quod</span> 
     </span>
     <span class='ocr_line' id='line_1_33' title="bbox 390 2339 2356 2407; baseline 0.001 -19"><span class='ocrx_word' id='word_1_411' title='bbox 390 2341 618 2407; x_wconf 84' lang='lat' dir='ltr'>pascerent</span> <span class='ocrx_word' id='word_1_412' title='bbox 641 2355 800 2404; x_wconf 87' lang='lat' dir='ltr'>pecora</span> <span class='ocrx_word' id='word_1_413' title='bbox 824 2352 952 2403; x_wconf 85' lang='lat' dir='ltr'>prato</span> <span class='ocrx_word' id='word_1_414' title='bbox 971 2339 1080 2395; x_wconf 87' lang='lat' dir='ltr'>lato,</span> <span class='ocrx_word' id='word_1_415' title='bbox 1104 2340 1225 2403; x_wconf 92' lang='lat' dir='ltr'>quod</span> <span class='ocrx_word' id='word_1_416' title='bbox 1252 2340 1389 2387; x_wconf 88' lang='lat' dir='ltr'>boves</span> <span class='ocrx_word' id='word_1_417' title='bbox 1427 2340 1477 2387; x_wconf 76' lang='grc' dir='ltr'>ὅτ</span> <span class='ocrx_word' id='word_1_418' title='bbox 1500 2339 1606 2386; x_wconf 83' lang='lat' dir='ltr'>afini</span> <span class='ocrx_word' id='word_1_419' title='bbox 1631 2340 1877 2386; x_wconf 86' lang='lat' dir='ltr'>laborantes</span> <span class='ocrx_word' id='word_1_420' title='bbox 1903 2352 2063 2387; x_wconf 89' lang='lat' dir='ltr'>terram</span> <span class='ocrx_word' id='word_1_421' title='bbox 2087 2341 2356 2402; x_wconf 76' lang='lat' dir='ltr'>farraginem</span> 
     </span>
     <span class='ocr_line' id='line_1_34' title="bbox 389 2404 2363 2471; baseline -0.005 -15"><span class='ocrx_word' id='word_1_422' title='bbox 389 2423 565 2456; x_wconf 84' lang='lat' dir='ltr'>meram</span> <span class='ocrx_word' id='word_1_423' title='bbox 587 2406 894 2462; x_wconf 89' lang='lat' dir='ltr'>comederent,</span> <span class='ocrx_word' id='word_1_424' title='bbox 929 2406 1054 2468; x_wconf 89' lang='lat' dir='ltr'>quod</span> <span class='ocrx_word' id='word_1_425' title='bbox 1079 2405 1159 2452; x_wconf 87' lang='lat' dir='ltr'>lux</span> <span class='ocrx_word' id='word_1_426' title='bbox 1183 2406 1303 2453; x_wconf 87' lang='lat' dir='ltr'>luuae</span> <span class='ocrx_word' id='word_1_427' title='bbox 1325 2406 1431 2454; x_wconf 80' lang='lat' dir='ltr'>effet</span> <span class='ocrx_word' id='word_1_428' title='bbox 1450 2406 1558 2453; x_wconf 84' lang='lat' dir='ltr'>ficut</span> <span class='ocrx_word' id='word_1_429' title='bbox 1582 2405 1660 2452; x_wconf 85' lang='lat' dir='ltr'>lux</span> <span class='ocrx_word' id='word_1_430' title='bbox 1684 2404 1801 2462; x_wconf 90' lang='lat' dir='ltr'>solis,</span> <span class='ocrx_word' id='word_1_431' title='bbox 1821 2405 1871 2452; x_wconf 88' lang='lat'>&amp;</span> <span class='ocrx_word' id='word_1_432' title='bbox 1895 2404 1994 2452; x_wconf 88' lang='lat' dir='ltr'>haec</span> <span class='ocrx_word' id='word_1_433' title='bbox 2018 2404 2233 2468; x_wconf 88' lang='lat' dir='ltr'>septupla,</span> <span class='ocrx_word' id='word_1_434' title='bbox 2275 2409 2363 2471; x_wconf 78' lang='lat' dir='ltr'>fig-</span> 
     </span>
     <span class='ocr_line' id='line_1_35' title="bbox 392 2469 2363 2535; baseline 0.001 -14"><span class='ocrx_word' id='word_1_435' title='bbox 392 2475 578 2522; x_wconf 89' lang='lat' dir='ltr'>nificent</span> <span class='ocrx_word' id='word_1_436' title='bbox 599 2473 701 2520; x_wconf 85' lang='lat' dir='ltr'>talia</span> <span class='ocrx_word' id='word_1_437' title='bbox 717 2486 824 2535; x_wconf 87' lang='lat' dir='ltr'>quae</span> <span class='ocrx_word' id='word_1_438' title='bbox 839 2471 936 2519; x_wconf 91' lang='lat' dir='ltr'>sunt</span> <span class='ocrx_word' id='word_1_439' title='bbox 956 2471 1183 2527; x_wconf 86' lang='lat' dir='ltr'>Ecclefiae,</span> <span class='ocrx_word' id='word_1_440' title='bbox 1203 2483 1327 2535; x_wconf 90' lang='lat' dir='ltr'>patet</span> <span class='ocrx_word' id='word_1_441' title='bbox 1352 2469 1584 2519; x_wconf 87' lang='lat' dir='ltr'>manifeste</span> <span class='ocrx_word' id='word_1_442' title='bbox 1605 2472 1748 2518; x_wconf 88' lang='lat' dir='ltr'>cuivis</span> <span class='ocrx_word' id='word_1_443' title='bbox 1762 2469 1840 2532; x_wconf 88' lang='lat' dir='ltr'>qui</span> <span class='ocrx_word' id='word_1_444' title='bbox 1858 2471 2100 2533; x_wconf 79' lang='lat' dir='ltr'>expendit3</span> <span class='ocrx_word' id='word_1_445' title='bbox 2119 2485 2217 2518; x_wconf 89' lang='lat' dir='ltr'>tum</span> <span class='ocrx_word' id='word_1_446' title='bbox 2236 2477 2363 2534; x_wconf 90' lang='lat' dir='ltr'>quod</span> 
     </span>
     <span class='ocr_line' id='line_1_36' title="bbox 391 2536 2361 2602; baseline 0.001 -15"><span class='ocrx_word' id='word_1_447' title='bbox 391 2540 644 2602; x_wconf 84' lang='lat' dir='ltr'>significent</span> <span class='ocrx_word' id='word_1_448' title='bbox 668 2537 1002 2586; x_wconf 62' lang='lat' dir='ltr'>instructionem</span> <span class='ocrx_word' id='word_1_449' title='bbox 1023 2539 1066 2584; x_wconf 91' lang='lat' dir='ltr'>in</span> <span class='ocrx_word' id='word_1_450' title='bbox 1088 2539 1202 2598; x_wconf 83' lang='lat' dir='ltr'>veris</span> <span class='ocrx_word' id='word_1_451' title='bbox 1220 2539 1269 2585; x_wconf 88' lang='lat'>&amp;</span> <span class='ocrx_word' id='word_1_452' title='bbox 1293 2538 1421 2585; x_wconf 89' lang='lat' dir='ltr'>bonis</span> <span class='ocrx_word' id='word_1_453' title='bbox 1439 2538 1545 2585; x_wconf 86' lang='lat' dir='ltr'>fidei</span> <span class='ocrx_word' id='word_1_454' title='bbox 1568 2559 1581 2591; x_wconf 70' lang='grc' dir='ltr'><strong>ς</strong></span> <span class='ocrx_word' id='word_1_455' title='bbox 1617 2552 1720 2583; x_wconf 81' lang='lat' dir='ltr'>nam</span> <span class='ocrx_word' id='word_1_456' title='bbox 1759 2536 1939 2591; x_wconf 85' lang='lat' dir='ltr'>dicitur,</span> <span class='ocrx_word' id='word_1_457' title='bbox 1988 2551 2118 2584; x_wconf 91' lang='lat' dir='ltr'>crunt</span> <span class='ocrx_word' id='word_1_458' title='bbox 2142 2539 2261 2587; x_wconf 87' lang='lat' dir='ltr'>oculi</span> <span class='ocrx_word' id='word_1_459' title='bbox 2299 2542 2361 2588; x_wconf 86' lang='lat' dir='ltr'>tui</span> 
     </span>
     <span class='ocr_line' id='line_1_37' title="bbox 390 2602 2362 2668; baseline 0.001 -15"><span class='ocrx_word' id='word_1_460' title='bbox 390 2605 670 2668; x_wconf 83' lang='lat' dir='ltr'>respicientes</span> <span class='ocrx_word' id='word_1_461' title='bbox 698 2604 903 2650; x_wconf 64' lang='lat' dir='ltr'>dostores</span> <span class='ocrx_word' id='word_1_462' title='bbox 926 2617 1046 2660; x_wconf 90' lang='lat' dir='ltr'>tuos,</span> <span class='ocrx_word' id='word_1_463' title='bbox 1083 2604 1133 2651; x_wconf 74' lang='grc' dir='ltr'>ὅτ</span> <span class='ocrx_word' id='word_1_464' title='bbox 1166 2618 1290 2652; x_wconf 87' lang='lat' dir='ltr'>aures</span> <span class='ocrx_word' id='word_1_465' title='bbox 1314 2614 1407 2651; x_wconf 88' lang='lat' dir='ltr'>tuae</span> <span class='ocrx_word' id='word_1_466' title='bbox 1444 2603 1626 2650; x_wconf 90' lang='lat' dir='ltr'>audient</span> <span class='ocrx_word' id='word_1_467' title='bbox 1650 2602 1857 2658; x_wconf 87' lang='lat' dir='ltr'>verbum,</span> <span class='ocrx_word' id='word_1_468' title='bbox 1908 2602 2118 2659; x_wconf 86' lang='lat' dir='ltr'>diceudo,</span> <span class='ocrx_word' id='word_1_469' title='bbox 2167 2604 2264 2652; x_wconf 88' lang='lat' dir='ltr'>haec</span> <span class='ocrx_word' id='word_1_470' title='bbox 2288 2610 2362 2654; x_wconf 88' lang='lat' dir='ltr'>via</span> 
     </span>
     <span class='ocr_line' id='line_1_38' title="bbox 393 2668 2390 2736; baseline 0 -17"><span class='ocrx_word' id='word_1_471' title='bbox 393 2672 453 2719; x_wconf 88' lang='lat' dir='ltr'>ite</span> <span class='ocrx_word' id='word_1_472' title='bbox 477 2670 523 2717; x_wconf 89' lang='lat' dir='ltr'>in</span> <span class='ocrx_word' id='word_1_473' title='bbox 547 2686 599 2717; x_wconf 85' lang='lat' dir='ltr'>ea·</span> <span class='ocrx_word' id='word_1_474' title='bbox 620 2692 635 2724; x_wconf 77' lang='lat'>3</span> <span class='ocrx_word' id='word_1_475' title='bbox 670 2670 876 2717; x_wconf 60' lang='lat' dir='ltr'>doetores</span> <span class='ocrx_word' id='word_1_476' title='bbox 893 2670 1015 2716; x_wconf 90' lang='lat' dir='ltr'>enim</span> <span class='ocrx_word' id='word_1_477' title='bbox 1037 2670 1134 2718; x_wconf 87' lang='lat' dir='ltr'>sunt</span> <span class='ocrx_word' id='word_1_478' title='bbox 1156 2670 1234 2732; x_wconf 91' lang='lat' dir='ltr'>qui</span> <span class='ocrx_word' id='word_1_479' title='bbox 1259 2669 1499 2724; x_wconf 87' lang='lat' dir='ltr'>instruunt,</span> <span class='ocrx_word' id='word_1_480' title='bbox 1534 2670 1584 2717; x_wconf 74' lang='grc' dir='ltr'>δε</span> <span class='ocrx_word' id='word_1_481' title='bbox 1609 2668 1680 2716; x_wconf 86' lang='lat' dir='ltr'>via</span> <span class='ocrx_word' id='word_1_482' title='bbox 1719 2669 1764 2715; x_wconf 92' lang='lat' dir='ltr'>in</span> <span class='ocrx_word' id='word_1_483' title='bbox 1789 2684 1896 2731; x_wconf 86' lang='lat' dir='ltr'>quae</span> <span class='ocrx_word' id='word_1_484' title='bbox 1935 2681 2072 2724; x_wconf 85' lang='lat' dir='ltr'>erent,</span> <span class='ocrx_word' id='word_1_485' title='bbox 2107 2669 2171 2716; x_wconf 90' lang='lat' dir='ltr'>est</span> <span class='ocrx_word' id='word_1_486' title='bbox 2206 2686 2390 2736; x_wconf 61' lang='lat' dir='ltr'>verum⁴</span> 
     </span>
     <span class='ocr_line' id='line_1_39' title="bbox 394 2730 2363 2800; baseline 0.001 -17"><span class='ocrx_word' id='word_1_487' title='bbox 394 2736 616 2784; x_wconf 58' lang='lat' dir='ltr'>doarinae</span> <span class='ocrx_word' id='word_1_488' title='bbox 638 2730 907 2782; x_wconf 62' lang='lat' dir='ltr'>&amp;bonum</span> <span class='ocrx_word' id='word_1_489' title='bbox 934 2736 1041 2783; x_wconf 84' lang='lat' dir='ltr'>vitae</span> <span class='ocrx_word' id='word_1_490' title='bbox 1066 2753 1077 2782; x_wconf 73' lang='grc' dir='ltr'>ε</span> <span class='ocrx_word' id='word_1_491' title='bbox 1133 2734 1247 2798; x_wconf 90' lang='lat' dir='ltr'>quid</span> <span class='ocrx_word' id='word_1_492' title='bbox 1284 2748 1432 2783; x_wconf 88' lang='lat' dir='ltr'>autem</span> <span class='ocrx_word' id='word_1_493' title='bbox 1459 2735 1631 2797; x_wconf 76' lang='lat' dir='ltr'>singula</span> <span class='ocrx_word' id='word_1_494' title='bbox 1671 2734 1715 2780; x_wconf 90' lang='lat' dir='ltr'>in</span> <span class='ocrx_word' id='word_1_495' title='bbox 1742 2735 1883 2797; x_wconf 87' lang='lat' dir='ltr'>specie</span> <span class='ocrx_word' id='word_1_496' title='bbox 1929 2735 2199 2795; x_wconf 88' lang='lat' dir='ltr'>fignificant,</span> <span class='ocrx_word' id='word_1_497' title='bbox 2237 2751 2363 2800; x_wconf 84' lang='lat' dir='ltr'>patet</span> 
     </span>
     <span class='ocr_line' id='line_1_40' title="bbox 393 2800 2360 2865; baseline 0 -15"><span class='ocrx_word' id='word_1_498' title='bbox 393 2818 420 2850; x_wconf 88' lang='lat' dir='ltr'>a</span> <span class='ocrx_word' id='word_1_499' title='bbox 455 2801 773 2865; x_wconf 77' lang='lat' dir='ltr'>significatione</span> <span class='ocrx_word' id='word_1_500' title='bbox 818 2801 1008 2863; x_wconf 88' lang='lat' dir='ltr'>pluviae,</span> <span class='ocrx_word' id='word_1_501' title='bbox 1061 2800 1254 2856; x_wconf 88' lang='lat' dir='ltr'>seminis,</span> <span class='ocrx_word' id='word_1_502' title='bbox 1293 2813 1554 2864; x_wconf 89' lang='lat' dir='ltr'>proventus,</span> <span class='ocrx_word' id='word_1_503' title='bbox 1593 2813 1736 2855; x_wconf 84' lang='lat' dir='ltr'>terrae,</span> <span class='ocrx_word' id='word_1_504' title='bbox 1774 2815 2004 2863; x_wconf 88' lang='lat' dir='ltr'>pecorum,</span> <span class='ocrx_word' id='word_1_505' title='bbox 2083 2802 2201 2865; x_wconf 65' lang='lat' dir='ltr'>pragi</span> <span class='ocrx_word' id='word_1_506' title='bbox 2263 2803 2360 2859; x_wconf 86' lang='lat' dir='ltr'>lati,</span> 
     </span>
     <span class='ocr_line' id='line_1_41' title="bbox 393 2865 2362 2929; baseline 0 -13"><span class='ocrx_word' id='word_1_507' title='bbox 393 2870 568 2916; x_wconf 88' lang='lat' dir='ltr'>bovum</span> <span class='ocrx_word' id='word_1_508' title='bbox 592 2867 642 2914; x_wconf 84' lang='lat'>&amp;</span> <span class='ocrx_word' id='word_1_509' title='bbox 659 2866 883 2914; x_wconf 78' lang='lat' dir='ltr'>asinorum</span> <span class='ocrx_word' id='word_1_510' title='bbox 919 2866 1218 2913; x_wconf 89' lang='lat' dir='ltr'>laborantium</span> <span class='ocrx_word' id='word_1_511' title='bbox 1233 2880 1415 2923; x_wconf 87' lang='lat' dir='ltr'>terram,</span> <span class='ocrx_word' id='word_1_512' title='bbox 1454 2865 1685 2928; x_wconf 86' lang='lat' dir='ltr'>farraginis</span> <span class='ocrx_word' id='word_1_513' title='bbox 1709 2881 1844 2929; x_wconf 88' lang='lat' dir='ltr'>quam</span> <span class='ocrx_word' id='word_1_514' title='bbox 1870 2866 2111 2914; x_wconf 86' lang='lat' dir='ltr'>comedent</span> <span class='ocrx_word' id='word_1_515' title='bbox 2134 2888 2147 2921; x_wconf 65' lang='grc' dir='ltr'><strong>ς</strong></span> <span class='ocrx_word' id='word_1_516' title='bbox 2182 2870 2278 2915; x_wconf 83' lang='lat' dir='ltr'>tum</span> <span class='ocrx_word' id='word_1_517' title='bbox 2312 2871 2362 2916; x_wconf 73' lang='grc' dir='ltr'>δε</span> 
     </span>
     <span class='ocr_line' id='line_1_42' title="bbox 394 2931 2364 2998; baseline 0 -17"><span class='ocrx_word' id='word_1_518' title='bbox 394 2933 721 2998; x_wconf 71' lang='lat' dir='ltr'>significatione</span> <span class='ocrx_word' id='word_1_519' title='bbox 746 2932 855 2978; x_wconf 92' lang='lat' dir='ltr'>lucis</span> <span class='ocrx_word' id='word_1_520' title='bbox 881 2932 999 2978; x_wconf 85' lang='lat' dir='ltr'>lunae</span> <span class='ocrx_word' id='word_1_521' title='bbox 1021 2933 1070 2980; x_wconf 89' lang='lat'>&amp;</span> <span class='ocrx_word' id='word_1_522' title='bbox 1095 2932 1213 2988; x_wconf 88' lang='lat' dir='ltr'>solis,</span> <span class='ocrx_word' id='word_1_523' title='bbox 1250 2945 1299 2979; x_wconf 93' lang='lat' dir='ltr'>ut</span> <span class='ocrx_word' id='word_1_524' title='bbox 1324 2934 1373 2979; x_wconf 76' lang='grc' dir='ltr'>δε</span> <span class='ocrx_word' id='word_1_525' title='bbox 1399 2933 1593 2996; x_wconf 79' lang='lat' dir='ltr'>septupli</span> <span class='ocrx_word' id='word_1_526' title='bbox 1617 2933 1664 2981; x_wconf 77' lang='grc' dir='ltr'>δι</span> <span class='ocrx_word' id='word_1_527' title='bbox 1693 2931 1766 2979; x_wconf 87' lang='lat' dir='ltr'>sex</span> <span class='ocrx_word' id='word_1_528' title='bbox 1788 2931 1967 2979; x_wconf 85' lang='lat' dir='ltr'>dierum</span> <span class='ocrx_word' id='word_1_529' title='bbox 1994 2949 2006 2979; x_wconf 73' lang='grc' dir='ltr'><strong><em>ε</em></strong></span> <span class='ocrx_word' id='word_1_530' title='bbox 2043 2932 2091 2980; x_wconf 87' lang='lat'>&amp;</span> <span class='ocrx_word' id='word_1_531' title='bbox 2114 2933 2220 2996; x_wconf 86' lang='lat' dir='ltr'>quia</span> <span class='ocrx_word' id='word_1_532' title='bbox 2260 2935 2364 2983; x_wconf 86' lang='lat' dir='ltr'>talia</span> 
     </span>
     <span class='ocr_line' id='line_1_43' title="bbox 390 2997 2364 3063; baseline -0.001 -16"><span class='ocrx_word' id='word_1_533' title='bbox 390 3017 503 3063; x_wconf 85' lang='lat' dir='ltr'>quae</span> <span class='ocrx_word' id='word_1_534' title='bbox 527 2998 626 3046; x_wconf 88' lang='lat' dir='ltr'>sunt</span> <span class='ocrx_word' id='word_1_535' title='bbox 654 2997 886 3053; x_wconf 81' lang='lat' dir='ltr'>Ecclefiae,</span> <span class='ocrx_word' id='word_1_536' title='bbox 906 2999 992 3045; x_wconf 89' lang='lat' dir='ltr'>hoc</span> <span class='ocrx_word' id='word_1_537' title='bbox 1015 2998 1094 3055; x_wconf 90' lang='lat' dir='ltr'>est,</span> <span class='ocrx_word' id='word_1_538' title='bbox 1113 3014 1221 3062; x_wconf 85' lang='lat' dir='ltr'>quae</span> <span class='ocrx_word' id='word_1_539' title='bbox 1246 2998 1466 3045; x_wconf 70' lang='lat' dir='ltr'>doEtrinae</span> <span class='ocrx_word' id='word_1_540' title='bbox 1484 2999 1529 3045; x_wconf 90' lang='lat'>&amp;</span> <span class='ocrx_word' id='word_1_541' title='bbox 1553 2999 1660 3046; x_wconf 86' lang='lat' dir='ltr'>vitae</span> <span class='ocrx_word' id='word_1_542' title='bbox 1679 3013 1757 3060; x_wconf 88' lang='lat' dir='ltr'>per</span> <span class='ocrx_word' id='word_1_543' title='bbox 1777 2997 1851 3044; x_wconf 89' lang='lat' dir='ltr'>illa</span> <span class='ocrx_word' id='word_1_544' title='bbox 1874 2997 2197 3056; x_wconf 67' lang='lat' dir='ltr'>significantur,</span> <span class='ocrx_word' id='word_1_545' title='bbox 2220 2999 2364 3063; x_wconf 85' lang='lat' dir='ltr'>sequi·</span> 
     </span>
     <span class='ocr_line' id='line_1_44' title="bbox 392 3062 2363 3128; baseline 0.001 -16"><span class='ocrx_word' id='word_1_546' title='bbox 392 3077 484 3121; x_wconf 86' lang='lat' dir='ltr'>tur,</span> <span class='ocrx_word' id='word_1_547' title='bbox 519 3062 647 3128; x_wconf 90' lang='lat' dir='ltr'>quod</span> <span class='ocrx_word' id='word_1_548' title='bbox 688 3063 775 3110; x_wconf 93' lang='lat' dir='ltr'>hoc</span> <span class='ocrx_word' id='word_1_549' title='bbox 812 3063 891 3109; x_wconf 88' lang='lat' dir='ltr'>fiet</span> <span class='ocrx_word' id='word_1_550' title='bbox 931 3062 975 3108; x_wconf 91' lang='lat' dir='ltr'>in</span> <span class='ocrx_word' id='word_1_551' title='bbox 1000 3064 1074 3111; x_wconf 88' lang='lat' dir='ltr'>die</span> <span class='ocrx_word' id='word_1_552' title='bbox 1108 3079 1203 3128; x_wconf 91' lang='lat' dir='ltr'>quo</span> <span class='ocrx_word' id='word_1_553' title='bbox 1227 3064 1435 3127; x_wconf 88' lang='lat' dir='ltr'>Jehovah</span> <span class='ocrx_word' id='word_1_554' title='bbox 1459 3063 1682 3127; x_wconf 87' lang='lat' dir='ltr'>obligabit</span> <span class='ocrx_word' id='word_1_555' title='bbox 1705 3062 2138 3125; x_wconf 65' lang='lat' dir='ltr'>fraEturampopuli</span> <span class='ocrx_word' id='word_1_556' title='bbox 2177 3063 2257 3119; x_wconf 81' lang='lat' dir='ltr'>sui,</span> <span class='ocrx_word' id='word_1_557' title='bbox 2313 3067 2363 3113; x_wconf 85' lang='lat'>&amp;</span> 
     </span>
     <span class='ocr_line' id='line_1_45' title="bbox 392 3126 2365 3195; baseline 0 -16"><span class='ocrx_word' id='word_1_558' title='bbox 392 3128 562 3195; x_wconf 59' lang='lat' dir='ltr'>stipabit</span> <span class='ocrx_word' id='word_1_559' title='bbox 585 3129 744 3179; x_wconf 90' lang='lat' dir='ltr'>vulnus</span> <span class='ocrx_word' id='word_1_560' title='bbox 761 3128 908 3194; x_wconf 86' lang='lat' dir='ltr'>plagae</span> <span class='ocrx_word' id='word_1_561' title='bbox 941 3127 1053 3191; x_wconf 81' lang='lat' dir='ltr'>ejus,</span> <span class='ocrx_word' id='word_1_562' title='bbox 1092 3129 1281 3179; x_wconf 66' lang='lat' dir='ltr'>fractura</span> <span class='ocrx_word' id='word_1_563' title='bbox 1306 3130 1465 3195; x_wconf 90' lang='lat' dir='ltr'>populi</span> <span class='ocrx_word' id='word_1_564' title='bbox 1491 3129 1554 3179; x_wconf 87' lang='lat' dir='ltr'>est</span> <span class='ocrx_word' id='word_1_565' title='bbox 1578 3129 1736 3178; x_wconf 86' lang='lat' dir='ltr'>falsum</span> <span class='ocrx_word' id='word_1_566' title='bbox 1760 3128 1981 3176; x_wconf 65' lang='lat' dir='ltr'>doctrinae</span> <span class='ocrx_word' id='word_1_567' title='bbox 1998 3143 2053 3176; x_wconf 85' lang='lat' dir='ltr'>ex</span> <span class='ocrx_word' id='word_1_568' title='bbox 2071 3126 2365 3192; x_wconf 81' lang='lat' dir='ltr'>improbitate</span> 
     </span>
     <span class='ocr_line' id='line_1_46' title="bbox 1248 3195 2359 3257; baseline 0.005 -16"><span class='ocrx_word' id='word_1_569' title='bbox 1248 3196 1250 3199; x_wconf 73' lang='grc'>’</span> <span class='ocrx_word' id='word_1_570' title='bbox 2094 3195 2359 3257; x_wconf 59' lang='lat' dir='ltr'>doctorum,</span> 
     </span>
    </p>
   </div>
  </div>
 </body>
</html>
