2722 3684
399 228 527 308 246
856 225 918 291 E
1058 225 1139 292 X
1272 222 1326 290 O
1472 228 1543 292 D
1695 222 1765 290 U
1899 223 1964 290 S.

402 349 614 399 videatur
636 365 694 398 n:
723 350 837 410 684.
864 351 973 415 690.
1003 366 1150 414 3241.
1180 364 1324 424 3744.
1351 366 1495 415 3745.
1525 352 1669 415 3986.
1697 367 1843 414 4005.
1880 367 2027 415 4149·
2053 355 2202 415 5598.
2232 353 2398 418 7236.-

411 421 556 481 7833.
582 418 725 479 7836.
752 420 896 480 8003.
964 417 1037 464 Ex
1060 418 1127 464 his
1151 417 1431 480 aliquatenus
1457 417 1602 480 potest
1625 418 1742 473 sciri,
1778 418 1888 479 quid
1914 417 2181 480 intelligitur
2210 435 2290 484 per
2310 419 2378 467 af·

411 484 658 531 sectionem
680 498 736 530 ex
759 483 844 530 alia
860 482 1013 546 stirpe,
1050 482 1176 546 quod
1202 498 1366 545 nempe
1391 480 1570 529 affectio
1587 479 1692 545 quae
1710 482 1863 530 differt
1894 483 1951 530 ab
1983 484 2137 541 altera,
2174 484 2249 532 sed
2272 500 2380 548 quae

410 549 550 611 usque
581 547 820 611 conjungi
832 548 979 612 potest.
1018 548 1171 595 eidem
1208 563 1319 594 vero
1356 547 1602 610 spirituali:
1639 546 1895 596 affectiones
1919 548 2044 606 tales,
2078 566 2187 614 quae
2212 565 2379 615 reprae·

410 614 639 662 sentantur
661 628 741 676 per
764 613 940 662 ancillas
961 612 1241 676 desponsatas
1264 612 1344 661 uni
1370 614 1489 668 viro,
1524 612 1625 661 sunt
1649 613 1780 661 unius
1803 614 1997 676 generis,
2034 614 2108 662 sed
2144 616 2380 664 intercedit

412 680 667 728 differentia
690 679 735 724 in
761 678 917 741 specie,
953 693 1058 742 quae
1080 677 1331 727 differentia
1355 677 1557 742 specifica
1578 677 1772 726 dicitur:
1823 678 2030 743 illustrari
2064 680 2164 728 haec
2199 681 2378 744 possent

413 760 495 809 per
514 745 633 792 varia
648 744 873 806 exempla,
910 742 983 790 sed
1007 743 1135 791 notio
1157 746 1415 792 communis
1437 759 1494 791 ex
1517 759 1637 793 nunc
1659 743 1789 792 dictis
1805 744 2002 810 praestat.
2071 744 2146 793 Ut
2161 745 2375 809 conjunc-

415 810 561 858 tiones
586 810 635 856 &
661 808 1039 857 subordinationes
1062 809 1221 857 talium
1255 809 1546 857 affectionum
1582 809 1663 857 sub
1695 825 1789 858 uno
1825 824 1931 857 vero
1965 808 2177 872 spirituali
2213 826 2378 876 reprae-

415 875 711 931 sentarentur,
748 874 1013 936 permiffum
1037 874 1125 922 fuit
1147 875 1270 938 genti
1292 875 1538 923 Israeliticae
1562 875 1610 923 δε
1628 875 1834 937 Judaicae
1851 874 1997 939 plures
2014 875 2284 923 concubinas
2303 877 2381 941 ha-

409 941 536 998 bere,
573 942 687 989 ficut
732 940 1007 997 Abrahamo‚
1041 941 1218 988 Genes:
1248 957 1374 988 xxv:
1412 941 1460 998 6,
1500 953 1617 995 tum,
1659 940 1849 997 Davidi,
1885 940 2140 996 Solomoni,
2175 956 2226 988 ac
2247 942 2376 998 aliis;

412 1022 517 1055 nam
543 1007 761 1070 quicquid
786 1006 1049 1070 permissum
1080 1006 1149 1054 isti
1184 1008 1312 1070 genti
1346 1004 1451 1063 fuit,
1485 1005 1887 1070 repraesentationis
1917 1006 2041 1054 causa
2072 1004 2178 1063 fuit,
2213 1006 2378 1056 scilicet

407 1084 458 1120 ut
481 1087 561 1134 per
583 1084 762 1119 externa
786 1071 1151 1135 repraesentarent
1165 1072 1337 1119 interna
1356 1072 1588 1128 Ecclefiae,
1623 1088 1681 1119 n:
1711 1073 1838 1134 3246
1855 1093 1874 1127 3
1908 1083 1952 1120 at
1967 1086 2072 1119 cum
2092 1072 2264 1120 interna
2281 1072 2371 1125 Ec„

407 1137 550 1186 clefiae
571 1148 721 1200 aperta
754 1136 853 1185 sunt
883 1152 908 1184 a
945 1137 1171 1195 Domino,
1206 1149 1314 1185 tune
1344 1137 1622 1185 ceffaverunt
1654 1137 2065 1199 repraesentationes
2089 1137 2371 1188 internorum

408 1219 490 1267 per
512 1217 709 1260 externa,
744 1204 851 1266 quia
867 1213 980 1250 -tunc
1005 1203 1174 1250 interna
1203 1214 1332 1251 erant
1364 1218 1470 1267 quae
1501 1203 1644 1250 homo
1680 1202 1892 1250 Ecclefiae
1924 1202 2168 1260 imbueret,
2207 1204 2258 1252 δε
2291 1220 2393 1268 pern

407 1284 519 1332 quae
541 1269 705 1316 coleret
725 1267 1000 1325 Dominum,
1035 1284 1143 1332 quae
1167 1267 1268 1327 sunt
1285 1268 1362 1316 -illa
1385 1284 1490 1333 quae
1516 1268 1624 1315 fidei
1646 1269 1696 1316 &
1718 1268 1883 1316 amoris
1916 1267 2045 1323 sunt;
2096 1282 2374 1333 quapropter

404 1345 516 1382 tunc
539 1350 630 1383 non
659 1334 854 1397 amplius
887 1334 1146 1398 permiffum
1175 1333 1283 1382 facit
1314 1333 1463 1397 plures
1492 1349 1655 1381 uxores
1689 1333 1868 1391 habere,
1902 1348 1985 1381 nec
2005 1335 2276 1383 concubinas
2308 1332 2367 1386 a&

403 1415 602 1455 -uxores3
636 1399 841 1448 videatur
862 1415 924 1447 n:
953 1399 1062 1461 865.
1091 1413 1216 1461 2727
1242 1399 1298 1447 ad
1325 1414 1470 1463 2759.
1497 1399 1639 1461 3246.
1666 1401 1815 1464 4837.

473 1482 621 1528 9003.
660 1465 848 1513 Victum
873 1463 982 1528 ejus,
1018 1478 1334 1526 tegumentum
1356 1464 1465 1528 ejus,
1510 1465 1559 1512 ὅτ
1581 1464 1788 1513 debitum
1812 1463 2083 1529 conjugiale‚
2116 1480 2209 1514 non
2226 1465 2372 1529 dimi-

406 1543 534 1586 nuet,
569 1529 695 1594 quod
713 1529 942 1592 fignificet
965 1545 1055 1578 non
1076 1529 1435 1593 deprivationem
1460 1529 1570 1578 vitae
1604 1529 1826 1578 interioris
1859 1546 1965 1595 quae
1984 1530 2049 1578 est
2084 1529 2256 1588 victus,⁴
2280 1547 2363 1580 nec

404 1596 517 1643 vitae
536 1595 762 1644 exterioris
783 1611 891 1658 quae
907 1595 1205 1653 est-amictus,
1243 1597 1303 1644 ita
1321 1611 1418 1644 -non
1441 1595 1801 1659 deprivationem
1824 1594 2154 1660 conjunctionis
2176 1612 2285 1661 quae
2305 1597 2371 1646 est

400 1661 612 1711 debitum
637 1660 903 1724 conjugiale,
941 1661 1112 1709 const-at
1133 1676 1189 1709 ex
1212 1661 1535 1726 fignificatione
1558 1662 1719 1718 victus,
1758 1662 1882 1726 quod
1909 1662 1957 1710 [it
1983 1663 2234 1712 sustentatio
2255 1664 2369 1712 vitae

404 1726 645 1783 interioris,
683 1728 824 1775 victus
844 1727 987 1783 enim,
1016 1729 1095 1774 seu
1119 1725 1244 1775 cibus
1266 1729 1316 1775 δι
1338 1740 1487 1791 potuS,
1523 1727 1570 1774 in
1602 1727 1816 1791 spirituali
1848 1727 1974 1775 ⁴seni-‘u
2005 1727 2109 1775 sunt
2140 1728 2368 1790 cognitio-

400 1807 483 1840 -nes
502 1793 606 1840 boni
626 1794 675 1841 δε
698 1792 810 1848 veri,
847 1793 974 1851 cibus
996 1793 1279 1855 cogn-itiones
1297 1793 1422 1850 boni,
1458 1809 1486 1840 η
1507 1810 1518 1840 =
1547 1808 1696 1855 5147,
1732 1794 1781 1842 &
1805 1806 1938 1856 potus
1960 1793 2246 1854 cognitiones
2270 1795 2364 1843 veri

404 1874 464 1906 n:
490 1859 636 1920 3168.
661 1873 807 1921 3772,
842 1873 982 1923 quare
998 1859 1145 1906 victus
1181 1858 1281 1906 sunt
1302 1874 1411 1923 quae
1447 1859 1588 1906 vitam
1613 1858 1811 1907 hominis
1844 1857 2118 1922 spiritualem
2141 1859 2365 1918 nutriunt,

400 1939 434 1970 n
455 1940 465 1977 ς
489 1938 631 1985 5293.
661 1923 805 1984 5576.
830 1938 975 1989 5579.
996 1939 1140 1987 59¹5·
1166 1925 1287 1985 8562
1313 1945 1328 1979 3
1363 1939 1420 1972 ex
1446 1923 1770 1986 significatione
1792 1924 2044 1987 tegumenti
2068 1924 2140 1973 seu
2157 1922 2366 1983 amictus,

401 1989 530 2053 quod
566 1988 616 2035 fit
649 1989 903 2047 sustentatio
929 1990 1312 2045 vitaeexterioris,
1343 2002 1661 2054 tegumentum
1685 1989 1808 2037 enim
1832 1989 1904 2037 seu
1927 1989 2059 2036 vestis
2081 1990 2126 2036 in
2150 1989 2363 2054 spirituali

401 2052 529 2101 sensu
561 2054 659 2102 sunt
684 2054 919 2102 scientifica
943 2053 1170 2113 inferiora,
1208 2055 1305 2103 haec
1324 2056 1429 2103 sunt
1451 2072 1559 2120 quae
1585 2054 1725 2102 vitam
1744 2067 1974 2102 externam
2010 2054 2206 2103 hominis
2237 2055 2365 2118 spiri·

400 2119 579 2168 tualiter
603 2119 860 2176 sustentant,
896 2137 924 2167 η
948 2138 957 2166 :
985 2123 1128 2180 5248.
1153 2121 1276 2184 6918
1301 2143 1316 2177 ;
1350 2137 1408 2168 ex
1429 2121 1750 2184 significatione
1771 2120 1911 2169 debiti
1933 2118 2212 2184 conjugialiS,
2234 2122 2364 2184 quod

399 2185 459 2233 fit
491 2184 776 2244 coniunctim
823 2187 872 2233 δε
898 2201 955 2233 ex
979 2185 1302 2247 fignificatione
1321 2203 1412 2234 non
1434 2188 1703 2243 diminuere,
1738 2185 1864 2250 quod
1899 2186 1952 2233 fit
1986 2203 2088 2246 nond
2109 2186 2369 2249 deprivarei

398 2250 526 2298 Cum
553 2250 620 2297 his
644 2251 705 2298 ita
722 2250 770 2297 »se
793 2251 941 2306 habet,
975 2250 1156 2299 affectio
1182 2252 1390 2299 naturalis
1405 2250 1642 2314 conjuncta
1663 2267 1773 2299 vero
1792 2251 2025 2314 spirituali,
2060 2266 2167 2313 quae
2187 2252 2361 2312 fignifi-

403 2329 526 2364 catur
550 2331 630 2378 per
651 2316 859 2363 ancillam
892 2316 1200 2379 desponsatam
1236 2317 1347 2374 filio,
1382 2317 1569 2381 requirit
1594 2316 1765 2381 jugiter
1799 2316 2159 2365 sustentationem
2195 2318 2305 2363 vitae
2338 2335 2363 2367 a

400 2397 514 2428 vero
545 2381 786 2444 {spirit-nali,
812 2396 926 2429 cum
966 2398 1058 2445 quo
1090 2381 1330 2444 conjuncta
1365 2382 1465 2437 est3
1500 2382 1680 2430 affectio
1713 2383 1837 2429 enim
1860 2380 2024 2445 absque
2049 2380 2364 2431 sustentatione

397 2446 510 2494 -inde
529 2448 646 2510 perit
665 2464 676 2493 :
713 2444 754 2494 se
777 2447 908 2495 habet
929 2462 1033 2494 cum
1059 2446 1294 2495 affectione
1319 2448 1517 2497 hominis
1540 2448 1647 2497 ficut
1668 2462 1773 2495 cum
1799 2447 1896 2510 ipso
1916 2447 2122 2502 homine,
2137 2446 2272 2511 -quod
2298 2449 2365 2496 ni-

396 2512 495 2560 fi'is
519 2512 781 2560 sustentetur
799 2513 938 2569 victu,
971 2512 1187 2560 moriatur
1211 2535 1226 2568 3
1257 2514 1401 2561 ¹homo
1423 2513 1561 2562 etiam
1588 2513 1732 2578 quoad
1758 2512 1966 2560 interiora
1990 2512 2065 2560 sua
2081 2527 2171 2559 non
2195 2513 2255 2561 est
2283 2514 2365 2562 nisi

395 2593 542 2640 quam
560 2577 751 2634 affectio,
790 2578 933 2626 homo
955 2579 1099 2626 bonus
1121 2578 1184 2626 est
1201 2578 1377 2627 affectio
1400 2580 1506 2627 boni
1531 2580 1585 2626 δε·
1601 2578 1704 2626 inde
1726 2578 1838 2634 veri,
1871 2590 1918 2625 at
1936 2578 2080 2626 malus
2099 2578 2164 2626 est
2186 2577 2364 2628 affectio

398 2643 515 2690 mali
539 2645 588 2690 δε
608 2644 711 2690 inde
736 2643 829 2691 falfi
849 2662 859 2691 ε
896 2646 980 2692 hoc
1007 2643 1231 2707 imprimis
1254 2644 1425 2692 constat
1443 2660 1500 2691 ex
1524 2644 1710 2691 homine
1732 2658 1838 2690 cum
1874 2643 1928 2690 fit
1951 2643 2144 2706 spiritus,
2186 2644 2358 2707 sphaera

398 2708 527 2762 vitae,
563 2724 670 2772 quae
694 2721 801 2755 tunc
826 2711 1025 2757 exundat
1048 2725 1105 2756 ex
1128 2711 1228 2767 iilo,
1259 2710 1328 2757 est
1350 2709 1424 2756 vel
1449 2709 1699 2757 affectionis
1722 2709 1831 2757 boni
1857 2709 1925 2755 vel
1949 2707 2197 2757 affectionis
2221 2709 2325 2757 mali
2353 2727 2366 2756 :—

401 2773 583 2832 nutritio
602 2773 674 2820 seu
695 2773 953 2823 sustentatio
972 2774 1090 2821 illius
1116 2787 1224 2822 tunc
1247 2790 1337 2821 ηοη
1361 2774 1426 2822 est
1448 2790 1506 2821 ex
1528 2776 1632 2822 cibo
1656 2774 1707 2821 ὅτ
1729 2786 1842 2837 potu
1867 2773 2073 2831 naturali,
2108 2773 2180 2822 sed
2195 2787 2252 2820 ex
2269 2773 2359 2837 spi-

394 2839 566 2894 rituali,
600 2839 680 2902 qui
696 2839 757 2884 est
777 2838 936 2894 falsum
953 2855 1011 2887 ex
1034 2840 1156 2887 malo
1181 2840 1355 2903 spiritui
1379 2841 1515 2897 malo,
1549 2855 1599 2888 ac
1615 2855 1774 2888 verum
1796 2855 1854 2887 ex
1871 2839 1994 2887 bono
2011 2837 2180 2903 spiritui
2199 2838 2321 2886 bono
2341 2859 2358 2894 3

398 2903 664 2952 nutri'tiones
683 2907 903 2953 mentium
930 2906 1246 2962 humanarum,
1280 2921 1386 2952 cum
1406 2906 1569 2954 vivunt
1591 2906 1636 2952 in
1660 2920 1848 2968 corpore
1872 2905 1917 2952 in
1941 2903 2129 2959 mundo,
2164 2918 2244 2952 nec
2259 2905 2361 2952 aliae

397 2971 520 3026 lunt,
560 2969 662 3016 inde
676 2969 754 3023 est,
790 2972 914 3033 quod
940 2971 1092 3019 omnia
1115 2987 1222 3034 quae
1246 2971 1390 3018 victus
1414 2972 1533 3029 sunt,
1569 2972 1675 3019 ficut
1699 2970 1841 3034 paniS,
1875 2983 1996 3024 caro,
2023 2969 2200 3024 vinum,
2225 2985 2359 3031 aqua,

401 3035 452 3082 &
476 3034 605 3097 plura
638 3034 740 3090 alia,
777 3035 820 3082 in
854 3035 977 3083 sensu
1017 3036 1234 3099 spirituali
1278 3037 1321 3083 in
1340 3037 1495 3084 Verbo
1532 3036 1786 3100 significent
1819 3034 1936 3088 talia,
1971 3049 2079 3097 quae
2108 3033 2362 3083 nutritionis

329 3143 332 3147 .
400 3098 640 3160 spiritualis
664 3100 778 3148 sunt.
849 3101 924 3148 Ex
948 3101 1016 3147 his
1041 3103 1177 3149 etiam
1199 3114 1341 3163 parer,
1370 3101 1480 3165 quid
1496 3101 1760 3164 intelligitur
1777 3115 1856 3163 per
1876 3099 2069 3147 Domini
2087 3099 2221 3146 verba
2237 3101 2359 3163 apud

393 3164 684 3214 ⁴Matthaeum
719 3173 751 3232 ‘f
771 3164 871 3215 Non
893 3182 942 3216 ex
954 3180 1068 3230 pane
1088 3169 1176 3230 filo
1195 3170 1312 3219 vivit
1336 3168 1470 3226 homo,
1490 3166 1570 3231 fid
1601 3182 1651 3216 ex
1672 3168 1782 3215 omni
1800 3164 1929 3215 verbo
1951 3162 2062 3227 quod
2073 3164 2288 3229 ‘egreditur
2311 3182 2367 3214 ex

1136 3244 1138 3247 ·
2293 3246 2362 3280 ore
