2722 3684
640 166 1164 273 CAPUT
1260 159 2506 279 V'IGESIMUM.187r

462 340 577 383 trem
599 333 644 389 ipa
661 339 852 386 mortem,
870 326 938 389 s&
955 337 1092 391 pater
1115 317 1299 382 liberos,
1335 322 1614 386 consurgent
1632 321 1762 371 liberi
1804 334 1958 371 contra
2004 338 2229 387 parentes,
2265 328 2314 374 &
2344 330 2453 376 occi-

460 401 561 450 dent
580 397 724 457 '‘llas”
759 390 862 445 xn'r
883 412 895 442 ε
927 410 1005 451 12,
1040 394 1104 442 ibi
1128 392 1269 440 etiam
1293 390 1351 438 de
1376 389 1551 440 ultimis
1573 390 1860 455 temporibus
1877 389 2043 454 agitur,
2080 391 2153 439 ubi
2170 410 2351 458 quoque
2371 411 2452 458 per

455 465 662 516 occidere
682 463 959 526 significatur
982 461 1160 524 privare
1181 459 1297 507 veris
1316 460 1367 508 δε
1391 457 1525 507 bonis
1545 475 1652 522 quae
1676 459 1784 507 fidei
1812 458 1861 505 &
1883 459 2124 514 charitatis,
2163 460 2220 507 ita
2247 461 2339 507 vita
2365 463 2453 523 spi-

459 532 625 581 rituali.
697 530 844 594 Apud
872 528 1051 576 Lucam
1103 537 1138 557 “
1158 527 1351 574 Mittam
1377 526 1434 573 ad
1458 541 1536 572 eos
1559 526 1809 590 Prophetas
1833 527 1883 572 δε
1902 525 2172 588 Apostolos,
2200 525 2278 588 fid
2296 543 2343 573 ex
2366 529 2452 578 illis

451 598 639 648 occident
662 598 712 646 δε
733 596 1056 661 persequentur
1076 612 1087 641 :
1123 610 1148 641 a
1167 593 1384 656 sanguine
1409 592 1572 641 Abelis
1594 594 1650 641 ad
1674 591 1941 654 sanguinem
1959 593 2181 639 Sachariae
2207 593 2452 658 Prophetae
2492 608 2497 614 ‘
2577 621 2583 623 Δ

455 665 704 729 requiretur
726 679 752 710 a
774 662 1067 725 generatione
1092 661 1174 708 hac
1193 658 1226 678 ”
1261 675 1313 708 xr
1335 677 1347 708 ε
1373 675 1451 722 49.
1479 675 1537 720 51
1561 681 1575 714 ;
1612 660 1852 724 prophetae
1870 660 1919 707 δι
1938 658 2131 723 apostoli
2159 659 2203 706 in
2224 659 2347 706 sensu
2370 661 2456 724 spi-

459 732 610 780 rituali
637 746 724 795 pro
751 729 866 778 veris
889 728 940 775 &
963 728 1095 776 bonis
1109 726 1360 780 Ecclesiae3
1398 727 1604 774 occidere
1629 743 1713 791 pro
1736 727 2009 788 extinguere
2040 727 2115 774 illa
2137 747 2150 780 ;
2187 726 2363 789 sanguis
2383 729 2455 775 A-

450 799 564 847 belis
590 815 675 862 pro
700 795 998 845 exstinctione
1022 795 1252 843 charitatis
1272 815 1288 849 3
1324 792 1571 857 Prophetae
1595 794 1724 859 quod
1742 794 1827 842 fint
1850 809 1954 840 vera
1969 793 2191 840 doetrinae
2208 810 2266 840 ex
2278 794 2454 852 Verbo,

442 866 654 914 videatur
676 881 735 914 n:
766 879 915 926 2534.
946 861 1112 925 7269;
1167 859 1348 924 sanguis
1371 857 1533 907 Abelis
1573 862 1700 924 quod
1743 860 1796 907 fit
1835 859 2074 907 exstinffio
2096 860 2357 917 Charitatis,
2395 878 2455 908 n:

447 946 559 998 374.
631 931 855 979 Similiter
880 928 1005 992 apud
1021 928 1284 988 Johannem
1323 927 1554 988 “Sanguis
1574 928 1824 988 sanflorum
1849 925 1905 975 &³
1920 928 2241 991 pr‘ophetarum,
2276 945 2325 975 ac
2351 930 2456 976 occi·

440 1001 612 1064 sorum,
650 997 866 1044 inventus
890 994 952 1042 est
978 994 1023 1053 i‘n
1039 995 1274 1058 Babylone
1293 991 1325 1012 ''
1365 993 1538 1056 Apoc:
1564 1008 1696 1041 xv111
1719 1011 1729 1039 z
1763 1013 1838 1052 14,
1877 994 1937 1039 ibi
1968 994 2104 1040 etiam
2133 994 2306 1055 sanguis
2334 995 2453 1042 sanc-

445 1079 602 1115 torum
627 1066 679 1113 δι·
702 1063 1031 1126 prophetarum
1057 1076 1142 1126 pro
1167 1059 1468 1109 exstinflione
1493 1059 1669 1108 boni&
1688 1061 1781 1107 veri
1807 1059 1915 1107 fidei
1941 1061 1991 1108 δε
2015 1061 2248 1107 charitatis
2270 1082 2283 1114 ;
2319 1061 2453 1110 occisi

449 1149 535 1197 pro
559 1131 643 1179 illis
663 1130 744 1195 qui
767 1129 922 1195 quoad
952 1128 1094 1176 vitam
1120 1127 1398 1193 spiritualem
1424 1125 1690 1191 perierunt;
1723 1128 1850 1191 quod
1876 1127 2054 1190 sanguis
2078 1128 2132 1174 fit
2157 1127 2377 1175 violentia
2402 1129 2456 1177 il-

446 1200 537 1247 lata
554 1198 793 1254 Charitati,
835 1209 887 1244 ut
912 1195 962 1242 &
987 1211 1125 1244 omne
1153 1195 1329 1243 malum
1365 1194 1411 1240 in
1442 1208 1624 1255 genere,
1661 1211 1863 1258 1¹=t374·
1891 1210 2033 1258 3005,
2074 1208 2175 1242 tum
2201 1195 2455 1258 prophana-

448 1265 520 1314 tio
542 1265 639 1312 veri
664 1266 709 1312 in
733 1263 895 1328 specie,
936 1278 996 1309 n:
1027 1276 1172 1326 4735.
1195 1265 1344 1326 4978.
1384 1275 1529 1323 7317.
1554 1261 1700 1323 7326.
1773 1261 1894 1326 Qia
1919 1278 1997 1324 per
2020 1262 2219 1309 occisum
2247 1260 2319 1309 seu
2345 1279 2454 1310 con-

452 1332 620 1381 foffum
647 1331 927 1395 significatur
949 1329 1173 1379 extinctio
1197 1329 1376 1376 boni&
1399 1327 1513 1383 veri,
1549 1327 1663 1374 &in
1697 1326 1898 1376 Ecclefia
1916 1328 2111 1391 Judaica
2136 1327 2308 1384 omnia,
2345 1346 2454 1393 quae

454 1399 654 1448 instituta
680 1401 799 1455 sunt,
836 1409 962 1445 erant
985 1395 1346 1460 repraesentativa
1370 1394 1675 1458 spiritualium
1700 1396 1749 1442 δε
1773 1394 2047 1451 coelestium,
2082 1412 2188 1459 quae
2213 1397 2256 1442 in
2283 1396 2454 1460 Regno

451 1466 664 1522 Domini,
700 1481 752 1512 ac
792 1465 838 1512 in
880 1464 1093 1527 supremo
1132 1462 1254 1510 sensu
1299 1461 1582 1510 Divinorurn
1613 1461 1657 1508 in
1686 1462 1914 1518 Domino,
1952 1476 2233 1526 quapropter
2267 1466 2455 1527 quando

449 1531 676 1581 confoffus
698 1533 746 1580 in
768 1545 883 1592 agro
902 1529 1051 1594 jacens
1069 1530 1281 1576 inventus
1304 1527 1414 1584 fuit,
1459 1527 1556 1574 talis
1583 1528 1807 1590 proceffus
1831 1530 2045 1589 expiandi
2070 1530 2300 1594 populum
2329 1547 2455 1578 man-

449 1600 583 1648 datus
605 1598 669 1645 est
691 1619 705 1652 ;
735 1597 883 1663 *quod
910 1612 1076 1660 nempe
1101 1594 1369 1643 metirentur
1402 1593 1551 1642 versus
1576 1595 1707 1642 urbes
1730 1612 1758 1642 a
1785 1595 1977 1661 Confoſjo
1988 1597 2158 1660 jacente
2180 1599 2224 1644 in
2242 1613 2365 1660 agro,
2402 1600 2454 1646 δε

451 1664 798 1731 quodseniores
822 1663 944 1712 urbis
966 1662 1196 1728 proximae
1215 1663 1442 1711 sumerent
1465 1661 1655 1710 vitulam
1691 1663 1839 1718 bovis,
1877 1679 1956 1726 per
1990 1678 2131 1725 quam
2158 1663 2281 1711 labor
2306 1665 2455 1714 nullus

455 1733 601 1782 fafius
625 1731 705 1787 est,
743 1733 792 1780 &r
817 1731 947 1794 super
968 1747 1062 1796 qua
1097 1720 1302 1777 nondum
1332 1728 1503 1793 jugum
1523 1727 1683 1785 fuerat,
1719 1745 1770 1777 ae
1793 1729 2069 1777 deducerent
2091 1731 2146 1776 ad
2169 1730 2362 1779 fluvium
2389 1749 2457 1779 ra-

458 1801 626 1866 pidum
661 1799 712 1847 &
742 1797 1022 1859 decollarent
1044 1797 1180 1845 illam
1223 1795 1286 1844 ibi
1323 1796 1570 1844 sacerdotes
1610 1795 1693 1844 filii
1719 1796 1857 1854 Levi,
1893 1813 1944 1844 ac
1980 1810 2090 1845 tunc
2115 1797 2307 1845 seniores
2333 1799 2457 1846 urbis
2478 1856 2488 1861 λ

452 1869 660 1915 lavarent
686 1874 849 1915 manus
867 1864 1000 1929 super
1022 1864 1188 1920 vitula,
1225 1864 1276 1911 ὅτ,
1300 1862 1519 1919 dicerent,
1555 1863 1684 1927 quod
1725 1879 1885 1911 manus
1908 1880 2067 1912 eorum
2095 1881 2187 1911 non
2213 1864 2458 1913 effuderint

452 1932 725 1996 sanguinem
744 1932 895 1990 illum,
932 1948 1016 1980 nec
1034 1931 1155 1980 oculi
1182 1929 1372 1979 illorum
1397 1929 1612 1985 viderint,
1647 1931 1696 1978 &
1722 1931 1848 1995 quod
1867 1930 1924 1977 fic
1941 1932 2199 1995 expiaretur
2224 1932 2404 1994 sanguis
2423 1931 2455 1955 ”

453 2001 586 2050 Deut
607 2017 618 2046 ι
642 2015 729 2048 xxr
751 2017 762 2046 :
795 2017 813 2048 1
843 1999 901 2046 ad
923 2002 949 2048 8
971 2021 986 2055 ;
1020 1998 1123 2064 quis
1145 2013 1351 2062 unquam
1369 1996 1511 2054 sciret,
1533 2012 1611 2043 cur
1628 1997 1725 2045 talis
1741 1997 1923 2061 proceff
1918 2015 1967 2046 us
1985 1997 2215 2059 institutus
2234 1998 2297 2046 est
2317 2016 2457 2064 prop·
2489 2045 2491 2047 ,

452 2080 520 2128 ter
540 2066 800 2116 confoffum
816 2064 1048 2128 jacentem
1067 2065 1113 2114 in
1138 2079 1268 2127 agro,
1304 2064 1388 2112 nifi
1410 2081 1468 2113 ex
1492 2063 1618 2112 sensu
1643 2062 1820 2112 interno
1845 2065 2042 2119 sciretur,
2091 2066 2203 2130 quid
2229 2066 2457 2128 fignifica-

453 2146 530 2184 tur
556 2149 635 2198 per
655 2132 915 2182 confossum
942 2132 989 2180 in
1011 2148 1144 2196 agro,
1180 2148 1260 2196 per
1283 2131 1443 2180 urbem
1470 2131 1752 2197 proximam,
1788 2148 1871 2196 per
1901 2133 2118 2189 vitulam,
2156 2150 2234 2197 per
2260 2134 2457 2182 fluvium

457 2200 693 2265 rapidum,
731 2215 811 2262 per
834 2200 1112 2249 lavationem
1140 2215 1383 2256 manuum,
1436 2199 1487 2247 δε
1529 2202 1622 2263 per*
1646 2198 1820 2262 reliqua
1858 2200 1957 2258 ibi;
1993 2216 2076 2264 per
2114 2199 2371 2248 confossum
2408 2203 2458 2249 in

453 2284 567 2332 agro
591 2266 869 2330 significatur
890 2283 1058 2315 verum
1080 2267 1131 2315 ὅτ
1148 2267 1324 2330 bonum
1347 2264 1643 2321 exstinfium,
1679 2282 1708 2312 n
1731 2284 1741 2312 :
1767 2283 1919 2330 4503,
1956 2284 2038 2331 per
2053 2282 2215 2330 agrum
2239 2267 2457 2326 Ecclesia,

454 2352 519 2383 n:
557 2349 706 2398 2971.
734 2350 792 2397 33
808 2350 884 2385 10.
912 2333 1043 2398 3766
1063 2355 1079 2388 ς
1132 2349 1214 2398 per
1253 2333 1415 2380 urbem
1454 2332 1664 2380 doctrina
1704 2335 1815 2390 veri,
1852 2351 1881 2381 n
1904 2352 1914 2381 ε
1957 2351 2072 2395 40³--
2117 2350 2248 2395 2450
2309 2350 2454 2400 2943.

457 2401 605 2466 3216.
630 2415 779 2465 4492.
819 2417 951 2465 4493
976 2421 993 2456 ;
1044 2416 1126 2465 per
1165 2399 1358 2448 seniores
1396 2400 1663 2459 urbis-vera
1701 2401 2023 2449 concordantia
2048 2402 2188 2457 bono,
2225 2418 2281 2448 n:
2309 2404 2455 2466 6523.

381 2521 383 2523 ,
461 2468 604 2529 6525.
631 2462 776 2530 857'8.
803 2471 930 2530 8585
956 2489 971 2523 ;
1019 2482 1101 2530 per
1123 2463 1318 2515 vitulam
1354 2467 1484 2530 super
1524 2482 1613 2531 qua
1637 2467 1846 2515 nondum
1863 2467 2032 2541 jugum
2059 2485 2217 2515 verum
2244 2469 2456 2517 nondum

454 2533 796 2590 confirmatum,
839 2533 952 2599 quid
991 2534 1166 2583 vitulus
1189 2551 1250 2582 n:
1283 2537 1426 2594 1824.
1462 2538 1580 2594 1825
1606 2553 1622 2586 3
1660 2549 1740 2595 per
1774 2535 2050 2582 lavationem
2086 2551 2304 2582 manuum
2326 2533 2459 2599 super

455 2599 601 2648 vitula
626 2599 684 2647 ad
708 2600 882 2648 flumen
909 2601 1142 2666 rapidum,
1178 2601 1438 2664 purificatio
1462 2617 1488 2647 a
1511 2599 1636 2648 malo
1660 2600 1739 2646 illo
1774 2601 1883 2664 quia
1920 2600 2089 2648 faCtum
2114 2618 2176 2649 ex
2213 2598 2330 2648 Zelo
2369 2602 2460 2650 irn-

458 2666 700 2715 moderato
719 2667 803 2731 qui
831 2669 1080 2730 ignorantis
1105 2669 1219 2733 quid
1242 2684 1403 2714 verum
1425 2684 1436 2713 :
1473 2683 1530 2714 ex
1555 2665 1623 2714 his
1648 2666 1758 2715 ficut
1781 2684 1837 2715 ex
1863 2668 2047 2733 reliquis
2069 2668 2270 2715 constare
2292 2667 2458 2733 potest,

457 2749 565 2798 quae
588 2734 638 2780 ὅτ
655 2744 831 2796 quanta
848 2750 1003 2782 arcana
1029 2735 1073 2783 in
1097 2735 1282 2800 lingulis
1301 2735 1448 2783 Verbi
1462 2735 1770 2791 continentur,
1806 2750 1915 2799 quae
1941 2752 1995 2782 ne
2019 2736 2206 2800 quidem
2232 2749 2283 2783 ut
2304 2751 2461 2784 arcana

456 2799 710 2864 apparitura
735 2799 854 2855 sunt,
891 2801 922 2865 fi
945 2801 1147 2849 credatur
1167 2802 1295 2865 quod
1315 2801 1629 2850 sensus‘literae
1654 2801 1707 2848 sit
1730 2818 1869 2849 omne
1884 2803 2042 2859 Verbi,
2081 2819 2129 2850 ac
2145 2803 2205 2850 ita
2223 2803 2346 2867 quod
2366 2818 2458 2850 non

461 2866 656 2915 sanetius
679 2867 730 2914 &
749 2866 972 2914 coelestius
996 2867 1115 2915 intus
1135 2869 1250 2916 inibi
1274 2868 1407 2916 lateat
1428 2890 1445 2923 ,ς
1468 2884 1574 2915 cum
1602 2869 1928 2925 tamenjsensus
1950 2869 2091 2917 literae
2112 2869 2175 2919 est
2201 2886 2285 2933 pro
2306 2870 2458 2916 homi-

461 2950 517 2982 ne
538 2935 588 2981 in
614 2933 809 2990 mundo,
849 2934 934 2981 hoc
957 2933 1038 2989 est,
1076 2949 1161 2996 pro
1185 2935 1373 2981 homine
1397 2935 1606 2992 naturali,
1643 2947 1691 2980 at
1730 2933 1879 2982 sensus
1919 2936 2121 2984 internus
2161 2944 2245 3000 pro
2270 2935 2458 2983 homine

456 3001 503 3048 in
527 2999 664 3056 coelo,
705 2999 792 3047 hoc
816 3000 897 3056 est,
935 3016 1018 3064 pro
1039 3000 1229 3048 homine
1255 2997 1503 3063 spirituali;
1560 3003 1668 3050 inde
1694 3015 1818 3064 patet
1842 3003 1954 3067 quid
1981 3017 2263 3066 praeceptum
2286 3002 2342 3050 de
2367 3018 2461 3050 non

423 3100 425 3103 .
455 3066 666 3115 occidere
691 3065 905 3124 involvit,
940 3068 1066 3132 quod
1092 3083 1260 3131 nempe
1284 3083 1374 3114 non
1400 3068 1548 3115 solum
1576 3068 1720 3116 homo
1742 3084 1835 3116 non
1869 3069 2140 3117 occidendus
2174 3068 2329 3133 quoad
2364 3086 2461 3117 cor·
2515 3114 2517 3117 ,

449 3132 557 3197 pus,
594 3132 670 3181 sed
693 3134 833 3182 etiam
859 3150 950 3182 non
976 3133 1251 3182 occidendus
1269 3135 1423 3199 quoad
1448 3134 1676 3193 animam,
1713 3136 1773 3183 ita
1799 3151 1890 3183 non
1919 3136 2061 3184 solum
2089 3152 2177 3182 non
2207 3135 2459 3198 privandus

456 3200 615 3251 vitain
641 3201 839 3269 mundo,
878 3201 954 3271 sed
972 3201 1204 3269 imprimis
1226 3202 1354 3267 quod
1374 3218 1467 3319 rign
1490 3201 1744 3266 privandus
1765 3204 1860 3252 vita
1877 3204 2091 3253 incoelo:
2115 3203 2150 3252 si
2168 3202 2462 3317 Praeceptfiug

1490 3285 1517 3318 a
1552 3285 1579 3318 2
2343 3285 2359 3316 1
2399 3285 2427 3317 u
