2722 3684
414 218 545 283 172
849 195 1929 276 EXO·DU·S.

410 326 521 389 ejus,
557 343 615 374 n:
646 327 764 377 1861
794 330 887 376 fin:
914 329 1058 391 6232.
1086 333 1229 394 8197.
1300 328 1447 391 Quod
1490 327 1627 376 Zelus
1659 328 1855 376 Domini
1894 328 1948 376 sit
1969 340 2098 374 amor
2120 325 2171 375 ὅτ
2196 324 2372 378 miseris:

411 393 576 440 cordia:
611 394 660 442 &
683 395 806 458 quod
830 411 937 442 cum
959 394 1187 443 Dominus
1204 404 1372 441 tutatur
1396 396 1538 440 bonos
1559 406 1712 441 contra
1735 395 1895 448 malos,
1930 407 2142 456 appareat
2161 394 2269 440 ficut
2290 395 2380 442 ho·-

414 457 584 515 stilitaS,
619 461 667 507 &
690 463 874 524 quoque
900 461 1006 507 ficut
1030 460 1109 513 ira,
1143 456 1312 505 constat
1324 474 1382 505 ex
1397 448 1801 521 seduentibuslocis
1825 459 1870 506 in
1892 459 2079 512 Verbo,
2115 459 2222 521 quod
2244 459 2382 507 Zelus

417 523 590 572 Domini
598 525 660 581 fit
682 526 815 573 Amor
838 524 893 574 δέ*
909 523 1225 585 Msericordia,
1250 523 1372 585 apud
1386 522 1568 571 ¹Esaiam
1603 530 1638 553 “
1659 523 1869 587 Prospice
1891 539 1915 569 e
1939 523 2081 577 coelis,
2117 526 2165 571 &
2190 524 2294 571 vide
2317 539 2378 572 ex

419 589 671 636 habitaculo
697 590 932 647 sanctitatis
952 602 1040 635 tuae
1064 589 1112 634 ὅτ
1135 587 1307 634 decoris
1345 588 1430 644 tui,
1464 589 1513 635 &
1552 589 1620 637 ubi
1660 589 1788 637 Zelus
1828 598 1942 645 tuus,
1978 590 2026 636 &
2057 589 2244 636 virtutes
2268 602 2382 644 tuae,

419 657 629 702 commotio
666 657 866 716 viscerum
904 663 1088 709 tuorum,
1127 654 1177 700 ὅτ
1215 654 1498 709 miserationes
1535 663 1622 702 tuoe
1661 669 1769 716 erga
1810 670 1881 701 me
1922 653 1964 700 se
1998 645 2318 702 continuerunt
2343 653 2378 673 ”

420 735 548 767 Lxur
571 736 581 764 :
613 735 686 779 15,
723 719 859 766 Zelus
901 717 964 765 ibi
1001 733 1085 781 pro
1102 717 1428 774 Misericordia,
1481 734 1587 782 quae
1630 719 1694 766 est
1736 719 1991 765 commotio
2034 719 2273 775 viscerum,
2330 720 2383 766 δε

421 783 692 848 praedicatur
714 784 771 829 de
795 785 934 839 bono,
969 798 1072 830 nam
1095 783 1258 830 dicitur
1283 783 1420 831 Zelus
1445 795 1546 830 tuus
1567 785 1617 831 ὅτ
1642 784 1827 842 virtutes
1851 795 1964 839 tuae‚
2008 784 2085 829 ubi
2111 784 2250 830 Zelus
2271 784 2384 830 dici-

421 864 495 897 tur
510 850 566 896 de
578 849 716 904 bono,
730 850 779 895 ὅτ.
793 848 982 896 virtutes
995 848 1053 896 de
1069 863 1192 903 vero,
1210 849 1373 910 pariter
1387 849 1649 896 commotio
1664 848 1885 896 viscerum
1899 849 1956 894 de
1970 847 2111 902 bono,
2131 862 2182 894 ac
2200 849 2378 895 misera-

422 915 632 963 tionesde
650 930 758 962 vero
778 934 791 968 3
812 913 974 977 pariter
992 912 1299 962 habitaculum
1311 913 1548 961 sanctitatis
1565 930 1647 976 pro
1665 915 1786 961 coelo
1804 914 1884 961 ubi
1901 913 1963 960 illi
1982 914 2063 976 qui
2085 929 2110 959 e
2125 927 2265 973 regno
2281 928 2380 960 coe-

421 979 537 1037 lesti,
551 979 598 1026 &
617 978 920 1027 habitaculum
933 979 1101 1027 decoris
1116 994 1199 1042 pro
1212 979 1335 1027 coelo
1353 980 1428 1027 ubi
1451 979 1518 1026 illi
1539 979 1620 1041 qui
1643 995 1669 1027 e
1686 994 1827 1040 regno
1845 978 2063 1041 spirituali
2083 998 2099 1031 ;
2125 978 2229 1024 inde
2244 978 2385 1026 etiam

422 1058 564 1110 patet,
598 1045 721 1109 quod
747 1045 792 1091 in
807 1045 978 1100 Verbo,
1013 1044 1092 1091 ubi
1130 1044 1294 1091 dicitur
1330 1044 1389 1091 de
1427 1044 1550 1091 bono
1584 1044 1720 1092 etiam
1747 1044 1920 1092 dicatur
1953 1043 2011 1089 de
2035 1057 2158 1098 vero,
2191 1043 2252 1090 ob
2273 1059 2382 1090 con·
2440 1068 2448 1076 ·

419 1113 605 1176 jugium
629 1109 825 1166 coeleste,
862 1109 987 1173 quod
1011 1108 1074 1155 est
1097 1110 1206 1156 boni
1229 1110 1278 1156 δε
1311 1109 1422 1166 veri,
1458 1109 1709 1170 insmgulis
1726 1110 1882 1165 Verbi,
1934 1110 1993 1156 ita
2017 1108 2245 1155 Dominus
2269 1123 2384 1170 quo·

427 1178 485 1226 ad
511 1178 584 1224 sua
607 1177 711 1223 bina
731 1175 954 1232 Nomina,
991 1174 1117 1234 Jesus
1137 1176 1185 1222 &
1210 1174 1430 1231 Christus,
1464 1191 1571 1237 quae
1596 1174 1843 1236 fignificant
1864 1171 2128 1238 conjugium
2155 1172 2383 1221 Divinum

429 1243 557 1308 quod
591 1242 636 1288 in
659 1241 883 1295 Domino,
937 1240 994 1286 de
1035 1240 1202 1301 quibus
1235 1239 1439 1286 videatur
1479 1255 1538 1285 n:
1582 1240 1693 1301 683.
1739 1252 1850 1303 793.
1901 1241 2012 1299 801.
2061 1240 2206 1299 2516.
2252 1235 2381 1301 4:138

363 1311 366 1314 ⁴
430 1310 528 1357 fin:
555 1310 696 1369 5138.
721 1321 865 1366 5502.
891 1304 1035 1367 6343.
1065 1307 1191 1366 8339
1235 1304 1331 1351 fin:
1373 1318 1516 1367 7945.
1555 1305 1700 1365 8339.
1769 1304 1917 1368 Apud
1948 1303 2162 1351 Eundem
2217 1304 2389 1352 “Puer

433 1387 562 1423 natus
583 1371 646 1420 est
670 1372 814 1426 nobis,
851 1368 991 1416 Filius
1013 1368 1144 1416 datus
1177 1367 1241 1415 est
1255 1368 1409 1424 nobis,
1445 1368 1573 1432 super
1606 1367 1747 1432 Cujus
1772 1369 1962 1417 humero
1985 1367 2275 1430 principatus,
2308 1384 2390 1415 vo—

433 1440 553 1489 cavit
576 1438 764 1485 Nomen
801 1434 943 1498 Ipsius
966 1433 1210 1492 Mirabilis,
1247 1433 1549 1489 Confiliarius,
1587 1435 1730 1490 Deus,
1766 1435 1938 1489 Heros,
1973 1433 2106 1480 Pater
2128 1433 2388 1492 eternitatis,

433 1507 647 1564 Princeps
667 1501 809 1565 pacis:
847 1498 1165 1564 multiplicanti
1192 1499 1492 1562 principatum
1516 1500 1566 1546 &
1591 1514 1749 1562 pacem
1775 1515 1864 1546 non
1886 1499 1971 1545 erit
1992 1498 2128 1552 finis}
2162 1499 2290 1555 Zelus
2309 1499 2390 1561 Je-
2411 1536 2413 1538 .

435 1572 558 1619 hovae
568 1568 707 1631 faciet
729 1566 801 1613 hoc
818 1564 848 1585 ’⁹
887 1581 944 1613 x:
974 1581 1017 1626 5.v
1043 1565 1091 1621 6,
1128 1564 1190 1613 ibi
1215 1564 1271 1611 de
1296 1565 1503 1612 Domino
1526 1579 1578 1611 ac
1601 1565 1739 1627 Ipfius
1761 1564 1958 1612 adventu
1979 1583 1994 1618 ·,
2029 1562 2167 1611 Zelus
2181 1565 2384 1626 Jehovae

434 1637 562 1684 faciet
585 1634 686 1689 hoc,
721 1647 806 1693 pro
828 1630 951 1692 quod
977 1645 1034 1677 ex
1056 1629 1237 1678 ardente
1259 1645 1412 1677 amore
1437 1629 1632 1678 salvandi
1659 1645 1797 1693 genus
1822 1629 2085 1677 humanum.
2156 1630 2299 1692 Apud
2326 1629 2392 1676 E-

436 1701 609 1749 undem
646 1706 679 1728 ‘⁶
700 1698 774 1745 Ex
800 1695 1119 1757 Hierosolyma
1141 1697 1330 1743 exibunt
1351 1694 1573 1758 reliquiae,
1608 1696 1658 1743 ὅτ
1674 1695 1822 1742 evasio
1840 1710 1864 1740 e
1890 1707 2045 1741 monte
2070 1693 2233 1750 Zione‚
2259 1694 2393 1742 Zelus

439 1767 618 1827 Jehovae
629 1764 766 1826 faciet
789 1764 859 1809 hoc
876 1760 907 1780 '⁹
945 1777 1113 1808 xxxvii
1136 1779 1146 1807 :
1178 1777 1254 1822 32,
1291 1761 1429 1807 Zelus
1446 1760 1638 1820 Jehovae
1661 1759 1790 1807 faciet
1813 1759 1916 1815 hoc,
1941 1775 2023 1823 pro
2041 1760 2165 1823 q‘uod
2185 1775 2243 1806 ex
2259 1775 2391 1807 amo-

437 1847 484 1879 re
509 1832 557 1876 &
583 1828 896 1876 misericordia.
964 1827 1108 1888 Apud
1134 1826 1421 1873 Ezechielem
1460 1833 1492 1855 “
1512 1824 1587 1872 Sic
1608 1825 1725 1872 dixit
1750 1826 1982 1874 Dominus
2006 1824 2225 1887 Jehovih,
2270 1840 2392 1871 nunc

439 1897 646 1945 reducam
682 1894 987 1955 captivitatem
1011 1893 1192 1954 jacobi,
1250 1893 1296 1937 δε
1323 1890 1542 1950 miserebor
1564 1892 1697 1938 totius
1718 1890 1883 1938 domus
1917 1890 2120 1947 Israelis-‚3
2168 1890 2214 1937 ὅτ
2241 1889 2393 1937 zelabo

436 1977 515 2025 pro
539 1961 720 2009 Nomine
746 1959 988 2018 sanb‘t'itatis
1010 1957 1155 2004 meae”
1210 1971 1384 2006 xxxix:
1414 1973 1437 2003 2
1448 1971 1494 2016 5,
1559 1956 1704 2003 zelare
1737 1971 1821 2019 pro
1846 1954 2060 2003 misereri.
2130 1956 2272 2016 Apud
2297 1956 2390 2002 Da-

440 2026 594 2073 videm
632 2035 664 2053 ‘⁶
682 2024 807 2071 Zelus
821 2022 958 2070 domus
981 2034 1064 2071 tuae
1085 2022 1324 2070 consumsit
1349 2037 1421 2067 me
1440 2021 1471 2045 ''
1510 2022 1659 2076 Psalm
1679 2037 1690 2068 ε
1716 2035 1860 2068 cxix:
1891 2036 1967 2077 10,
1993 2019 2129 2068 ibide
2148 2019 2354 2067 Domino
2372 2040 2389 2074 3-

444 2092 579 2138 Zelus
603 2089 763 2136 domas
783 2091 978 2151 Jehovae
1016 2103 1099 2151 pro
1137 2103 1286 2135 amore
1322 2102 1426 2149 erga
1466 2087 1563 2134 illos
1585 2086 1664 2150 qui
1690 2086 1910 2149 recipiunt
1934 2088 2106 2132 bonum
2135 2084 2183 2132 &
2205 2099 2383 2140 verum,

441 2172 547 2205 nam
572 2155 637 2202 illi
660 2155 759 2202 sunt
780 2156 946 2201 domus
956 2153 1165 2211 Jehovae.
1233 2151 1359 2212 Qod
1378 2153 1503 2200 Zelus
1515 2153 1590 2213 seu
1615 2150 1908 2214 M‘sericordia
1931 2150 2118 2205 Domini,
2154 2164 2247 2196 cum
2268 2158 2387 2196 tuta-

366 2218 382 2225 ’
443 2234 518 2271 tur
539 2222 671 2276 bonos,
705 2229 910 2281 appareat
944 2219 1052 2278 ficut
1087 2217 1305 2277 hostilitas,
1339 2218 1459 2279 apud
1484 2217 1662 2263 Esaiam
1698 2225 1730 2246 “
1750 2215 1960 2277 Jehovah
1988 2216 2097 2262 ficut
2119 2216 2273 2264 Heros
2297 2215 2395 2262 exi-

439 2290 528 2342 bit,
566 2285 679 2346 ficut
715 2287 791 2331 vir
812 2283 905 2330 belli
940 2282 1136 2330 excitabit
1168 2283 1331 2336 Zelum,
1382 2282 1699 2328 vociferabitur
1736 2283 1785 2328 ὅτ,
1830 2279 2061 2336 clamabit,
2099 2279 2224 2344 super
2248 2279 2400 2327 hostes-

447 2355 545 2402 suos
563 2348 837 2398 invalescet”
860 2364 964 2396 xcii
986 2365 997 2394 ε
1029 2365 1044 2396 1
1059 2364 1102 2409 3.
1129 2349 1175 2394 ἃ
1194 2349 1314 2407 apud
1331 2346 1511 2405 Joelem
1532 2346 1743 2393 “Zelabit
1760 2345 1958 2406 Jehovah
1981 2359 2063 2405 pro
2087 2355 2198 2391 terra
2223 2348 2311 2399 sua,
2347 2344 2398 2391 &

444 2429 593 2483 parcet
612 2415 784 2478 populo
807 2413 882 2461 suo
901 2412 932 2432 '⁹
971 2429 1009 2459 ιι
1030 2430 1039 2459 :
1073 2430 1091 2461 1
1105 2418 1147 2461 3.
1218 2411 1346 2474 Qod
1360 2413 1484 2461 Zelus
1502 2414 1674 2461 Domini
1690 2410 1862 2464 dicatur
1885 2412 1953 2457 ira
1970 2409 2026 2458 δέ’
2046 2409 2395 2473 excandescentia,

443 2487 542 2549 quia
567 2479 864 2544 ildrfiricordia
887 2481 950 2525 ita
974 2487 1149 2541 apparet
1177 2478 1317 2533 malis,
1361 2478 1480 2541 apud
1519 2476 1737 2523 Moschen
1794 2483 1830 2505 “
1851 2476 1963 2522 Non
2002 2475 2124 2522 ibitis
2156 2475 2256 2537 post
2287 2476 2401 2522 deos

440 2551 570 2602 alios,
606 2547 661 2591 de
679 2546 763 2592 diis
779 2544 1048 2608 populorum
1068 2544 1148 2606 qui
1168 2545 1335 2589 circum
1360 2558 1456 2596 νος,
1490 2558 1587 2589 nam
1612 2544 1731 2590 Deus
1751 2540 1912 2589 Zelotes
1933 2540 2133 2603 Jehovah
2153 2541 2273 2589 Deus
2295 2550 2399 2587 tuus

446 2620 491 2662 in
515 2611 642 2660 medio
667 2613 731 2658 tui
749 2631 764 2664 ⁴,
800 2627 853 2656 ne
877 2609 992 2655 forte
1016 2608 1256 2670 exardescat
1276 2611 1346 2655 ira
1359 2609 1539 2669 Jehovae
1553 2608 1640 2656 Dei
1654 2610 1719 2654 tui
1741 2619 1894 2653 contra
1913 2618 1976 2661 te,
2011 2607 2059 2653 &
2079 2607 2236 2667 perdet
2261 2617 2302 2652 te
2318 2605 2396 2659 de-

439 2680 578 2735 jsuper
601 2676 793 2722 faciebus
817 2672 985 2722 terrae’'
1012 2674 1168 2720 Deut:
1198 2688 1272 2719 1v:
1303 2690 1376 2731 14.
1409 2688 1480 2733 15:
1518 2672 1660 2735 Apud
1682 2671 1889 2719 Eundem
1915 2670 2021 2718 “Ad
2035 2672 2182 2719 Zelum
2190 2681 2398 2731 provoca-

446 2754 548 2792 runt
573 2742 710 2803 Ipsum
735 2757 812 2803 per
834 2740 1016 2791 alienOS,
1053 2754 1130 2800 per
1163 2737 1517 2785 abominationes
1539 2740 1699 2784 iratum
1720 2735 1988 2783 reddiderunt
2013 2736 2181 2798 Ipsum3
2233 2733 2397 2782 sacrifi·

446 2823 550 2857 cant
572 2807 869 2858 daemonibus
905 2805 969 2852 illi
991 2805 1138 2850 Zelum
1161 2818 1293 2850 meum
1317 2813 1536 2851 moverunt
1560 2818 1638 2864 per
1661 2818 1751 2850 non
1776 2803 1933 2857 deum,
1985 2802 2045 2849 ad
2062 2802 2174 2848 iram
2192 2813 2398 2862 provoca-

438 2885 549 2922 runt
575 2873 656 2918 Me
676 2870 943 2917 vanitatibus
960 2869 1044 2914 suis
1061 2868 1092 2891 '⁹
1130 2869 1251 2914 Deut
1272 2884 1281 2913 ε
1306 2884 1445 2914 xxxix
1467 2885 1476 2913 :
1509 2868 1580 2917 16.
1611 2883 1688 2918 21.
1737 2867 1878 2929 Apud
1899 2864 2184 2919 Ezechielem
2221 2871 2255 2893 “
2276 2866 2398 2912 Cum

447 2937 794 3001 consummabitur
817 2938 885 2981 ira
908 2951 1014 2988 mea,
1050 2935 1098 2981 δε
1122 2931 1486 2994 excandescentiam
1510 2948 1640 2980 meam
1661 2933 1885 2996 quiescere
1909 2930 2067 2979 faciam
2094 2930 2139 2976 in
2164 2929 2267 2985 illis,
2305 2945 2400 2991 pae-

451 3007 607 3052 nitebit
631 3002 731 3055 Me,
767 3014 818 3046 ut
841 3001 1108 3060 cognoscant
1131 2999 1253 3061 quod
1281 3000 1373 3059 Ego
1403 2998 1604 3060 Jehovah
1626 3000 1817 3061 loquutus
1842 2999 1939 3056 sum
1962 2999 2005 3042 in
2027 2995 2126 3042 Zelo
2149 3009 2251 3048 mea,
2288 3010 2395 3061 cum

443 3069 807 3132 consummaverim
858 3064 1223 3127 excandescentiam
1273 3079 1407 3112 meam
1452 3065 1498 3113 in
1536 3064 1587 3110 iis
1605 3063 1636 3129 ’ζ
1688 3079 1716 3110 ν
1737 3079 1748 3110 :
1797 3078 1813 3109 1
1825 3077 1872 3124 3.
1955 3058 2103 3123 Apud
2143 3057 2398 3109 Sachariam

2209 3133 2254 3195 {f¹
2265 3125 2398 3175 Dixit
