2722 3684
451 213 582 293 498
892 210 1988 281 EXODUS.

451 329 673 381 Doctrina
694 329 860 379 amoris
881 330 932 379 δι
961 331 1202 389 charitatis,
1238 331 1301 380 est
1334 332 1444 381 ficut
1482 334 1642 383 umbra
1674 334 1833 392 ῃοὲὶὶε,
1885 348 1930 384 at
1965 335 2189 384 Doctrina
2227 336 2333 386 fidei
2363 353 2422 387 ex

448 397 671 444 DoCirina
692 397 858 445 amoris
880 397 931 444 &
952 397 1177 445 charitatis
1193 397 1256 446 est
1280 397 1392 445 ficut
1416 399 1494 447 lux
1515 400 1604 448 diei
1626 421 1639 455 3
1677 416 1782 449 nam
1801 403 1970 450 bonum
1997 402 2126 466 quod
2151 401 2215 449 est
2246 404 2422 451 amoris

449 463 500 510 &
517 462 755 518 charitatis,
789 461 851 509 est
887 462 996 510 ficut
1032 463 1234 520 flamma,
1272 464 1321 510 δε
1338 465 1511 512 Verum
1534 465 1642 513 fidei
1660 465 1724 512 'est
1748 467 1858 514 ficut
1881 467 1960 514 lux
1986 468 2107 516 inde.
2179 469 2420 531 Qoniam

450 527 495 574 in
531 529 657 575 Orbe
684 528 938 576 Christiano
960 528 1067 575 tales
1100 527 1233 575 hodie
1257 531 1371 584 sunt,
1407 545 1572 594 nempe
1605 530 1650 577 in
1674 532 1863 578 externis
1887 532 2049 595 absque
2087 532 2281 589 interno,
2317 534 2421 582 ideo

449 592 530 640 vix
553 593 688 656 aliqui
727 592 978 640 afficiuntur
1003 608 1110 640 vero
1129 605 1310 656 propter
1328 609 1489 643 verum
1510 617 1524 649 ;
1560 595 1663 642 inde
1687 611 1868 659 quoque
1888 597 1968 652 est,
2002 597 2128 660 quod
2148 612 2203 643 ne
2227 598 2418 661 quidem

449 658 589 707 sciant
606 658 715 723 quid
740 659 930 712 bonum,
965 658 1075 722 quid
1094 658 1294 715 charitas,
1328 660 1376 707 &
1400 661 1512 724 quid
1538 660 1791 723 proximus,
1827 674 1927 709 tum
1946 662 2057 725 quid
2077 662 2308 710 internum
2333 663 2419 710 ho-

449 724 605 781 minis,
641 738 721 770 nec
743 722 854 786 quid
876 723 1045 771 coelum
1070 724 1119 771 ὅτ.
1139 724 1252 788 quid
1277 723 1521 781 infernum,
1556 742 1636 773 nec
1660 727 1786 790 quod
1805 726 1897 773 vita
1921 727 1974 774 fit
1995 727 2240 790 unicuique
2262 727 2414 777 statim

448 789 552 852 post
575 801 800 836 mortem:
836 788 914 852 qui
934 789 1114 836 illorum
1134 790 1177 836 in
1202 789 1408 837 doctrina
1425 790 1517 838 suae
1543 790 1758 839 Ecclefiae
1783 804 1985 850 manent,
2022 807 2111 840 non
2129 806 2286 840 curant
2303 809 2414 840 num

449 854 553 901 falsa
577 854 662 902 sint
694 866 771 901 aut
804 869 908 902 vera
931 875 944 909 3
980 855 1158 902 discunt
1182 856 1255 902 illa
1290 856 1339 904 &
1366 857 1635 904 confirmant
1661 857 1753 913 illa,
1791 873 1882 904 non
1921 869 2107 920 propter
2129 856 2270 904 finem
2294 873 2419 905 exer-

447 918 577 967 cendi
602 920 772 967 bonum
796 919 1018 968 charitatis
1034 936 1092 968 ex
1112 920 1263 976 corde,
1288 936 1370 968 nec
1390 936 1567 985 propter
1584 922 1769 968 salutem
1789 922 1879 970 suae
1895 922 2059 969 animae
2079 923 2127 970 δε
2146 921 2413 970 felicitatem

448 998 684 1041 aeternam,
721 985 793 1032 sed
814 998 997 1050 propter
1021 986 1360 1049 prosperitatem
1386 988 1430 1033 in
1456 987 1645 1043 mundo,
1682 987 1770 1034 hoc
1793 987 1875 1044 est,
1912 1000 1963 1034 ut
1980 987 2204 1034 lucrentur
2227 987 2412 1045 famam,

449 1050 658 1106 honoreS,
692 1051 744 1099 &
775 1065 920 1114 opes;
955 1051 1059 1099 inde
1081 1050 1161 1108 est,
1195 1053 1322 1115 quod
1348 1052 1471 1099 nulla
1505 1051 1776 1101 illuminatio
1800 1052 1885 1100 illis
1911 1051 1961 1100 fit
1994 1067 2099 1099 cum
2125 1053 2285 1113 legunt
2302 1054 2416 1102 Ver-

448 1117 601 1171 bum·,
634 1117 684 1164 &
719 1116 843 1179 quod
868 1116 1046 1180 prorsus
1069 1119 1273 1178 negaturi
1306 1117 1407 1173 lint,
1444 1117 1570 1180 quod
1604 1117 1790 1181 aliquod
1825 1118 2052 1165 internum
2078 1117 2122 1164 in
2155 1119 2308 1165 Verbo
2342 1119 2414 1175 fit,

450 1193 616 1245 praeter
638 1182 760 1246 quod
784 1180 924 1229 exstat
945 1184 992 1230 in
1017 1183 1173 1230 litera:
1210 1182 1284 1230 sed
1307 1181 1365 1230 de
1384 1184 1465 1230 hac
1483 1199 1529 1230 re
1552 1184 1609 1231 ab
1624 1183 1916 1247 experientia,
1950 1197 2006 1230 ex
2024 1182 2194 1231 Divina
2215 1183 2413 1234 Domini

448 1246 781 1303 Misericordia,
815 1246 919 1302 alibi
943 1248 1068 1311 plura
1090 1247 1310 1295 dicentur.

515 1327 663 1375 9410.
701 1312 813 1359 Non
837 1312 956 1359 misit
970 1329 1157 1361 manum
1177 1312 1315 1368 suam,
1349 1312 1475 1375 quod
1496 1313 1716 1376 significet
1737 1314 1864 1379 quod
1888 1313 1949 1362 ibi
1971 1329 2060 1362 non
2086 1329 2241 1361 verum
2268 1313 2311 1361 in
2338 1314 2411 1362 sua

450 1379 670 1443 potentia,
706 1377 876 1424 constat
898 1392 955 1424 ex
974 1378 1301 1442 significatione
1324 1393 1494 1435 manus,
1529 1380 1654 1442 quod
1679 1380 1731 1428 fit
1753 1380 1950 1443 potentia
1974 1395 2079 1444 quae
2102 1395 2182 1443 per
2207 1379 2376 1427 Verum
2395 1400 2412 1434 ς

447 1443 575 1507 quod
598 1457 758 1489 manus
777 1442 828 1489 fit
846 1446 1062 1506 potentia,
1098 1443 1303 1491 videatur
1327 1459 1382 1491 n:
1410 1447 1517 1504 878.
1541 1460 1662 1509 3091
1678 1481 1688 1494 .
1712 1450 1854 1509 3387.
1874 1462 1965 1508 493
1981 1461 1997 1491 1
2021 1445 2077 1491 ad
2096 1458 2242 1508 4937.
2263 1459 2409 1508 5327.

451 1510 595 1570 5328.
614 1521 758 1568 5544.
776 1509 918 1572 6947.
940 1524 1027 1571 701
1045 1526 1084 1558 1.
1107 1512 1248 1573 7188.
1273 1512 1416 1573 7189.
1437 1513 1581 1572 7518.
1601 1510 1745 1574 7673.
1768 1513 1908 1571 8050.
1935 1514 2079 1571 8153.
2101 1513 2243 1560 8281.
2265 1523 2405 1571 9025.

447 1589 614 1636 9¹33³
647 1571 773 1636 quod
810 1573 861 1620 lit
896 1589 975 1636 per
1007 1574 1200 1631 Verum,
1236 1590 1292 1621 n:
1321 1590 1464 1636 3091.
1491 1591 1632 1636 3503.
1659 1576 1804 1638 6344.
1841 1575 1984 1637 6413.
2013 1579 2178 1636 83043
2211 1575 2260 1621 δε
2284 1574 2408 1638 quod

445 1639 596 1686 omnis
617 1639 816 1712 potentia
847 1642 944 1686 veri
967 1639 1110 1687 fit—ex
1129 1641 1269 1697 bono,
1304 1639 1364 1688 ita
1387 1654 1465 1700 per
1487 1639 1660 1687 bonum
1683 1657 1708 1688 a
1737 1640 1960 1695 Domine,
1995 1656 2052 1687 n:
2093 1641 2235 1702 6948.
2262 1642 2408 1690 8200.

447 1703 1792 1834 1⁹13,²ign3¹1³‚{{t¹33‘{‘1303¹}ii‘1¹2Zelf‘ffinsssss‘xisssssslssitse‘ssss‘ss
1811 1704 2410 1841 22‘12552‘1255323223352‘53
2478 1825 2480 1827 μ

448 1848 541 1881 non
567 1833 616 1882 fit
639 1834 809 1882 Verum
835 1835 880 1882 in
904 1836 975 1884 sua
999 1834 1229 1899 potentia:
1264 1835 1386 1882 causa
1409 1835 1535 1899 quod
1560 1837 1681 1899 apud
1706 1836 1806 1884 illos
1842 1851 1932 1883 non
1966 1851 2129 1884 verum
2166 1835 2219 1882 fit
2256 1850 2300 1881 in
2336 1834 2409 1883 sua

446 1900 668 1962 potentia,
701 1899 763 1947 est
780 1901 887 1965 quia
910 1900 1091 1963 separati
1117 1902 1217 1948 sunt
1233 1916 1258 1948 a
1281 1901 1436 1962 Coelo,
1473 1902 1523 1950 ὅτ
1540 1902 1598 1948 fic
1620 1902 1882 1957 aDomin0‚
1919 1901 2126 1948 Verbum
2150 1901 2274 1947 enirn
2298 1915 2407 1947 con-

438 1963 595 2028 jungit
618 1964 852 2015 hominem
886 1966 1040 2024 Coelo,
1073 1967 1122 2015 ὅτ
1146 1982 1223 2030 per
1244 1965 1437 2029 -Coelum>
1466 1967 1690 2022 Domino,
1725 1968 1943 2030 quoniam
1976 1966 2132 2014 omnia
2155 1981 2262 2029 quae
2301 1967 2404 2015 {unt

446 2030 594 2078 sensus
629 2031 770 2079 literae
787 2031 927 2080 Verbi
949 2031 1294 2096 correspondent
1318 2033 1447 2080 rebus
1470 2032 1773 2095 spiritualibus
1796 2033 1845 2080 &
1862 2031 2138 2087 coelestibuS,
2176 2032 2221 2078 in
2244 2031 2408 2094 quibus

446 2095 549 2144 sunt
571 2097 780 2160 Angeli·,
814 2112 919 2145 cum
943 2099 1106 2162 quibus
1130 2098 1250 2145 nulla
1272 2098 1627 2148 communicatio
1658 2097 1741 2155 est,
1777 2097 1810 2144 fi
1841 2098 2046 2145 Verbum
2083 2096 2223 2144 modo
2255 2097 2409 2144 securr-

447 2161 562 2208 dum
596 2162 773 2209 literam
796 2163 987 2225 capitur,
1023 2164 1073 2211 &
1112 2179 1202 2211 non
1245 2162 1373 2211 simul
1413 2163 1651 2227 secundum
1684 2163 1869 2226 aliquod
1892 2162 2140 2210 dostrinale
2173 2160 2404 2218 Ecclefiae,

447 2226 573 2289 quod
614 2226 677 2273 est
717 2226 941 2275 internum
979 2227 1133 2277 Verbi.
1205 2228 1296 2276 Pro
1334 2228 1549 2291 exemplo
1586 2229 1670 2276 lint
1709 2227 1906 2275 Domini
1946 2228 2080 2274 verba
2117 2227 2173 2274 ad
2215 2227 2407 2274 Petrum

448 2299 482 2322 ‘⁸
502 2289 547 2338 ‘I'
537 2307 566 2338 u
586 2307 629 2339 es
655 2293 825 2349 Petrus,
862 2292 918 2341 &³
934 2295 1056 2354 super
1088 2294 1167 2342 hac
1184 2304 1309 2354 petra
1330 2292 1540 2351 aedificabo
1565 2293 1788 2353 Ecclesiam
1821 2307 1988 2346 meam‘,
2022 2291 2078 2340 ἓξ
2098 2300 2228 2354 portae
2250 2292 2410 2354 inferni

447 2372 527 2405 non
538 2357 831 2418 prevalebunt
853 2359 918 2407 illi
929 2375 944 2404 .·
978 2358 1034 2407 ξεῖ
1055 2358 1158 2407 dabo
1174 2359 1253 2407 tibi
1275 2358 1414 2408 claves
1432 2359 1570 2422 Regni
1586 2359 1800 2415 coelorum,
1837 2357 1894 2418 εἰ
1914 2356 2110 2421 quicquid
2128 2357 2339 2418 ligaveris
2360 2358 2406 2403 in

447 2431 585 2477 terra,
619 2426 701 2470 erit
721 2423 900 2487 ligatum
922 2425 965 2471 in
987 2425 1097 2472 caelis
1117 2446 1132 2480 3
1167 2424 1223 2473 ἐξ
1241 2423 1434 2488 quicquid
1449 2425 1619 2478 fhlveris
1640 2426 1684 2472 in
1705 2434 1843 2480 terra,
1879 2426 1961 2471 erit
1973 2423 2156 2485 fhlutum
2176 2425 2222 2470 in
2243 2423 2356 2470 caelis
2373 2420 2404 2444 ’'

449 2487 607 2535 Matth
628 2505 639 2534 ε
662 2503 750 2536 xvi
777 2505 787 2534 ε
819 2505 875 2551 19
897 2506 908 2535 ι
944 2490 1106 2552 pariter
1129 2490 1183 2536 ad
1206 2490 1445 2553 discipulos
1481 2497 1514 2519 “
1533 2489 1666 2537 Amen
1683 2488 1771 2536 dico
1792 2487 1929 2543 vobis,
1962 2502 2209 2551 quaecunque
2238 2487 2408 2549 ltjgave-

451 2554 548 2599 ritis
579 2554 711 2615 fhper
743 2563 881 2615 terra,
931 2564 1055 2603 erunt
1090 2554 1215 2619 ligati
1248 2557 1292 2603 in
1325 2556 1437 2612 celo,
1489 2554 1546 2603 &³
1580 2569 1822 2617 quacunque
1853 2553 2071 2616 solveritis
2101 2556 2232 2614 super
2266 2562 2406 2609 terra,

451 2629 573 2665 erunt
596 2619 741 2680 soluta
774 2621 820 2667 in
852 2619 950 2667 calo
966 2619 999 2639 ’'
1036 2620 1219 2668 Matth:
1255 2634 1411 2668 xv111
1438 2637 1450 2667 :
1493 2622 1580 2667 18:
1611 2619 1690 2682 qui
1727 2621 1773 2666 in
1799 2617 1929 2666 'sensu
1965 2629 2148 2666 externo
2174 2617 2310 2664 Verbi
2345 2616 2409 2664 se-

449 2696 606 2747 parato
650 2686 707 2730 ab
751 2685 925 2733 interno
964 2688 1094 2742 sunt,
1147 2685 1207 2732 ita
1241 2684 1322 2748 qui
1358 2685 1543 2747 separati
1577 2701 1603 2731 a
1635 2689 1739 2731 vera'
1773 2683 1993 2732 Doctrina
2034 2681 2246 2730 Ecclefiae
2262 2717 2277 2740 ,
2326 2682 2407 2729 fibi

450 2748 711 2813 persuadent
743 2751 869 2813 quod
906 2751 1005 2798 talis
1040 2751 1232 2813 potestas
1264 2766 1289 2798 a
1327 2751 1535 2798 Domino
1567 2749 1672 2797 data
1706 2750 1759 2796 fit
1794 2749 1948 2804 Petro,
1994 2748 2042 2796 δε
2082 2763 2268 2811 quoque
2307 2746 2407 2794 reli·

452 2817 555 2877 quis
575 2822 578 2824 ’
598 2812 843 2876 Discipulis
878 2815 1070 2864 Domini
1093 2837 1107 2870 ς
1142 2815 1247 2862 inde
1272 2815 1495 2862 infernalis
1521 2815 1600 2862 illa·
1618 2815 1808 2870 haereIiS‚
1845 2813 1969 2876 quod
1993 2814 2039 2859 in
2063 2814 2407 2876 humanapote-

453 2880 561 2926 state
586 2880 638 2927 fit
659 2880 956 2928 intromittere
984 2881 1028 2927 in
1054 2881 1222 2928 coelum
1247 2882 1296 2929 δι
1318 2881 1555 2932 excludere,
1574 2880 1742 2927 ecoelo
1775 2893 2088 2942 quemcunque
2122 2877 2262 2932 libet;
2296 2891 2404 2924 curn

455 2956 605 2992 tamen
631 2944 872 2990 secundum
896 2962 1050 2993 veram
1077 2945 1293 2994 Ecclefiae
1315 2945 1599 2998 Doctrinam,
1637 2960 1743 3008 quae
1765 2946 1900 2990 etiam
1923 2943 1988 2989 est
2007 2943 2227 2990 internum
2246 2942 2405 2995 Verbi,

364 3052 367 3056 .
455 3009 734 3082 illa-potestas
752 3010 814 3055 est
839 3009 916 3056 soli
939 3012 1150 3058 Domino
1166 3028 1182 3058 :·
1215 3023 1498 3074 quapropter·
1513 3009 1591 3073 qui
1612 3009 1797 3056 insensu
1819 3008 1962 3057 Verbi
1987 3021 2169 3055 externo
2191 3008 2242 3053 &
2273 3005 2406 3052 fimul

455 3074 501 3121 in
527 3088 702 3120 interno
725 3075 842 3130 sunt,
876 3075 1060 3137 capiunt
1082 3076 1209 3138 quod
1228 3075 1463 3123 haec-dieta
1487 3075 1566 3122 lint
1589 3074 1646 3120 de
1671 3074 1760 3122 fide
1778 3075 1825 3121 δε
1849 3073 1940 3135 ejus
1955 3073 2085 3120 Veris
2113 3086 2220 3133 quae
2241 3085 2266 3116 a
2303 3070 2406 3117 Do-

457 3141 601 3198 mine,
636 3140 684 3188 &
699 3140 823 3205 quod
847 3141 953 3190 fidei
974 3156 1000 3188 a
1024 3141 1242 3198 Domino,
1279 3140 1344 3209 ita-
1362 3140 1451 3206 Ipfi
1475 3140 1676 3190 Domino
1698 3140 1780 3188 illa*
1795 3139 1986 3212 potestas
2010 3138 2077 3195 lit,
2110 3136 2159 3184 &
2183 3135 2240 3183 fic
2262 3134 2406 3249 {biiii}
