2722 3684
664 253 1002 323 CAPUT
1048 202 1533 318 DECIMUM
1581 216 2110 314 SEP'rrMUM.
2298 270 2381 332 75

380 400 450 435 cat
471 375 785 437 vera'ordine:
819 382 1118 431 sustentabant
1143 398 1302 429 manus
1325 382 1460 438 iuius,
1497 379 1719 444 fignificat
1751 381 1846 427 veri
1882 382 2125 443 pugnantis
2165 380 2376 428 sustenta·

376 456 579 501 tionem:
614 450 778 499 exhinc
802 451 936 498 unius
959 450 1009 497 ὅτ
1031 450 1192 497 exhinc
1213 465 1348 506 unus,
1383 447 1613 512 significati
1640 447 1971 510 undequaque:
2009 447 2059 494 ὅτ
2092 444 2179 494 fuit
2215 464 2375 495 manus

302 560 304 562 .
373 519 492 566 illius
516 518 682 575 firmae,
717 517 941 582 fignificat
965 518 1181 580 potentiae
1204 515 1341 563 robur
1365 529 1473 562 tunc
1493 533 1504 562 z
1541 514 1680 579 usque
1703 514 1757 561 ad
1783 513 1986 562 occidere
2009 512 2166 569 solem,
2203 513 2372 576 fignifi-

371 597 442 633 cat
477 600 588 632 cum
629 584 765 632 status
804 584 878 632 ille
918 583 1158 631 desineret:
1196 584 1243 640 &
1269 582 1522 639 debilitavit
1546 581 1742 643 joschua
1763 579 2049 628 Amalekum
2071 581 2121 627 δε
2146 582 2373 643 populum

371 651 507 708 illius,
543 646 764 715 fignificat
803 651 1156 698 diminutionem
1196 650 1414 713 potentiae
1449 649 1573 712 apud
1607 648 1707 696 illos
1735 649 1815 712 qui
1850 649 1896 694 in
1932 645 2041 694 falso
2075 646 2132 693 ab
2164 649 2371 694 exteriori

372 718 519 766 malo:
555 718 612 765 ad
637 733 687 765 os
710 717 869 782 gladii,
905 716 1125 781 fignificat
1149 732 1228 780 per
1248 731 1410 764 verum
1434 730 1658 779 pugnam.

438 786 582 834 8601.
618 785 683 832 Et
706 784 812 832 fecit
835 783 1030 846 Joschua
1049 782 1450 847 quemadmodum
1484 783 1600 829 dixit
1634 781 1700 828 illi
1725 779 1962 837 Moscheh‚
1998 779 2125 844 quod
2148 779 2371 845 significet

367 849 581 898 effectum
604 851 717 899 ficut
740 851 915 899 Verum
938 866 1145 915 pugnans
1169 866 1195 896 a
1217 850 1394 897 Divino
1415 849 1542 897 Vero
1580 846 1849 895 instructum
1886 848 1966 903 est,
2002 847 2174 894 constat
2198 863 2256 894 ex
2280 847 2368 910 fig-

367 917 626 966 nificatione
661 916 819 974 facere,
867 917 995 982 quod
1032 915 1086 964 fit
1124 915 1342 972 effectus3
1391 930 1449 962 ex
1488 914 1874 978 repraesentatione
1898 913 2126 974 Joschuae,
2162 915 2291 978 quod
2314 914 2367 962 sit

364 984 542 1032 Verum
565 999 793 1048 pugnam,
828 983 886 1031 de
923 999 1014 1046 qua
1051 998 1163 1031 mox
1198 981 1328 1047 supra
1359 998 1421 1031 n:
1451 986 1576 1044 8595
1599 1002 1624 1039 ·„
1652 983 1699 1028 &
1724 984 1780 1029 ex
1801 981 2123 1044 significatione
2145 981 2366 1044 quemad·

367 1050 562 1098 modum
586 1050 704 1098 dixit
727 1050 790 1097 illi
816 1049 1057 1107 Moscheh,
1092 1048 1220 1114 quod
1243 1049 1298 1097 s1t
1321 1048 1434 1096 ficut
1456 1065 1482 1097 a
1503 1049 1679 1095 Divino
1704 1048 1826 1095 Vero
1849 1047 2121 1095 instructum
2141 1048 2220 1105 est,
2257 1064 2363 1095 nam

363 1116 443 1181 per
466 1115 1048 1182 Moschenrepraesentatur
1071 1116 1300 1164 Divinum
1321 1115 1517 1172 Verum,
1553 1116 1603 1163 &
1637 1130 1718 1180 per
1751 1114 1868 1162 dixit
1899 1114 2177 1178 significatur
2211 1114 2365 1162 instrui

365 1183 423 1230 ab
446 1182 539 1232 illo.

434 1251 577 1300 8602.
614 1238 872 1314 Pugnando
905 1251 951 1298 in
974 1236 1277 1307 Amalekum,
1312 1249 1439 1313 quod
1479 1249 1700 1312 significet
1739 1260 1895 1297 contra
1933 1246 2037 1295 falsa
2071 1249 2127 1295 ab
2166 1247 2364 1296 interiori

365 1316 504 1374 malo,
541 1317 713 1365 constat
743 1334 800 1364 ex
830 1315 1215 1382 repraesentatione
1239 1315 1474 1374 Amaleki,
1509 1316 1636 1381 quod
1659 1316 1714 1364 s1t
1736 1314 1896 1363 falsum
1919 1331 1978 1364 ex
2002 1315 2201 1364 interiori
2225 1316 2362 1374 malo,

364 1382 422 1431 de
444 1399 534 1447 qua
553 1383 682 1448 supra
702 1400 762 1432 n:
793 1389 936 1449 8593.
1342 1380 1351 1384 ¹
2242 1410 2258 1416 ε

435 1450 578 1515 8603.
614 1450 681 1498 Et
704 1449 941 1508 Moscheh,
978 1449 1184 1507 Aharon,
1221 1450 1269 1498 &
1294 1450 1440 1507 Chur,
1476 1449 1603 1514 quod
1628 1449 1849 1514 significet
1870 1450 2042 1498 Divina
2070 1466 2175 1498 vera
2210 1451 2255 1497 in
2285 1466 2359 1498 or-

363 1515 470 1564 dine
506 1516 763 1574 succeffivo,
798 1515 973 1565 constat
1008 1532 1067 1564 ex
1102 1515 1490 1582 repraesentatione
1514 1515 1734 1574 Moschis,
1769 1517 1898 1581 quod
1936 1516 1990 1565 fit
2012 1517 2239 1565 Divinum
2266 1518 2358 1565 Ve-

363 1598 466 1631 rum
504 1582 769 1632 immediate
807 1600 834 1631 a
855 1584 1065 1631 Domino
1085 1582 1352 1648 procedens,
1388 1584 1445 1631 de
1468 1599 1559 1644 qua
1593 1599 1622 1630 n
1643 1601 1654 1631 ε
1677 1599 1841 1647 7010;
1882 1601 1940 1632 ex
1973 1582 2360 1648 repraesentatione

361 1649 604 1708 Aharonis‚
638 1650 767 1717 quod
804 1651 859 1699 fit
881 1651 1109 1698 Divinum
1133 1650 1311 1699 Verum
1353 1650 1545 1698 mediate
1576 1666 1603 1698 a
1620 1651 1841 1699 ‚Domino
1871 1651 2140 1716 procedens,
2179 1651 2236 1698 de
2262 1668 2359 1716 ,qua

361 1732 423 1765 n:
445 1733 610 1784 7009;
656 1718 706 1765 δε
739 1732 795 1765 ex
827 1715 1215 1782 repraesentatione
1252 1716 1435 1774 ChuriS,
1470 1716 1597 1782 quod
1633 1716 1688 1764 fit
1722 1718 1951 1765 Divinum
1973 1717 2150 1766 Verum
2188 1733 2270 1782 per
2309 1719 2357 1766 id

358 1783 526 1832 iterum
560 1784 757 1832 mediate
779 1785 1061 1849 procedens·,
1101 1788 1162 1832 ita
1194 1783 1297 1832 sunt
1317 1799 1424 1832 vera
1445 1784 1490 1831 in
1514 1784 1674 1832 ordine
1699 1783 1955 1832 succeffivo.
2024 1785 2158 1850 Qid
2182 1801 2287 1832 vera
2309 1786 2357 1834 in

357 1850 519 1899 ordine
553 1849 797 1900 successivo
821 1850 939 1909 sunt,
979 1851 1136 1916 paucis
1168 1850 1378 1908 dicetur-3
1412 1853 1572 1899 omnia
1602 1852 1652 1900 &
1682 1850 1856 1915 singula
1888 1851 1936 1898 in
1961 1850 2164 1899 universa
2198 1864 2359 1901 natura

360 1916 418 1966 ab
441 1917 726 1966 interioribus
748 1918 908 1966 ordine
931 1917 1147 1976 existunt,
1171 1917 1274 1966 sunt
1297 1917 1595 1966 derivationes
1618 1918 1668 1967 δε
1692 1917 2012 1974 successiones3
2052 1917 2135 1966 sed*
2144 1919 2359 1968 interiora

359 1999 455 2032 non
487 1985 717 2033 cohaerent
750 1999 860 2034 cum
889 1984 1183 2035 exterioribus
1215 2001 1296 2051 per
1331 1986 1626 2043 continuum,
1667 1984 1742 2033 sed
1772 1983 1976 2033 distincta
2007 1984 2125 2043 sunt,
2162 1987 2212 2035 &
2245 2002 2356 2035 con-

352 2047 510 2117 juncta
544 2067 626 2116 per
645 2050 910 2101 exsertiones
948 2052 1065 2100 ficut
1101 2052 1252 2111 fibras,
1285 2069 1368 2117 per
1396 2067 1509 2117 quas
1540 2052 2009 2100 communicationes:
2057 2052 2358 2103 derivationes

357 2118 409 2167 &
434 2117 540 2166 inde
562 2117 848 2168 succeffiones
885 2120 933 2167 in
955 2135 1134 2184 genere,
1169 2119 1322 2184 quales
1343 2118 1463 2177 sunt,
1498 2118 1587 2166 fisti
1615 2120 1798 2184 poffunt
1829 2119 1887 2167 ad
1923 2119 2071 2167 ideam
2104 2136 2162 2167 ex
2195 2119 2353 2168 {ruffi-

358 2183 461 2243 bus,
496 2184 610 2233 ficut
642 2201 700 2234 ex
722 2187 863 2244 citris‚
897 2187 1050 2251 pomis
1085 2186 1419 2250 &qfimilibus3
1459 2185 1643 2235 illorum
1671 2186 1869 2235 maxime
1890 2199 2070 2234 externa
2103 2185 2205 2234 sunt
2228 2201 2356 2238 cutes

354 2267 464 2315 quae
486 2252 875 2318 circumcingunt,
911 2254 1122 2302 interiora
1143 2253 1245 2302 sunt
1268 2269 1372 2302 caro
1393 2269 1502 2318 quae
1530 2253 1936 2317 circumcingitur-3
1972 2253 2121 2301 adhuc
2145 2255 2357 2304 interiora

357 2317 460 2366 sunt
482 2316 667 2377 semina,
702 2335 812 2384 quae
848 2320 1190 2369 circumdantur
1222 2320 1363 2369 thecis
1401 2333 1544 2378 extra,
1579 2319 1746 2385 &ipsa
1773 2321 1879 2369 dein
1915 2320 2229 2378 membranis3
2270 2321 2353 2370 sub

356 2383 444 2433 illis
465 2384 530 2433 est
551 2387 741 2435 interior¹
766 2402 888 2445 caro,
923 2388 970 2435 in
992 2400 1086 2452 qua
1117 2388 1267 2452 prima
1285 2386 1450 2446 forma,
1486 2387 1600 2436 ficut
1630 2389 1795 2444 anima,
1833 2403 1890 2435 ex
1913 2404 2005 2451 qua
2027 2389 2191 2435 iterum
2214 2404 2354 2438 novae

356 2451 534 2500 arbores
573 2454 624 2501 &
658 2453 768 2502 novi
802 2453 1003 2503 fructus:
1049 2454 1148 2503 haec
1172 2456 1327 2504 omnia
1364 2455 1412 2503 in
1450 2455 1607 2503 ordine
1639 2454 1879 2502 succeffivo
1918 2455 2035 2512 sunt,
2073 2470 2123 2501 ac
2158 2456 2274 2502 inter
2309 2457 2353 2504 se

355 2517 579 2576 distincta,
614 2521 666 2568 ὅτ
687 2536 873 2586 quoque
906 2519 1178 2586 conjunEta3
1214 2522 1573 2571 communicatio
1607 2522 1873 2568 interiorum
1913 2536 2022 2568 cum
2056 2522 2351 2570 exterioribus
2388 2579 2390 2581 ¹

354 2583 410 2632 fit
446 2585 706 2634 mirabiliter
742 2603 825 2652 per
862 2589 1070 2637 transitus
1109 2588 1223 2637 ficut
1261 2586 1480 2650 fibrosos:
1537 2587 1613 2635 illa
1648 2589 1891 2652 principio,
1927 2603 2037 2635 cum
2076 2585 2348 2647 formantur,

325 2700 328 2706 s
356 2666 489 2720 paene
519 2650 776 2711 cohaerent,
805 2653 878 2704 sed
917 2655 1137 2720 temporis
1168 2654 1363 2703 successu
1388 2654 1679 2720 separantur·,
1713 2670 1820 2702 nam
1858 2655 2006 2719 prima
2042 2652 2208 2712 forma,
2243 2673 2351 2720 quae

356 2719 519 2766 intima
540 2717 674 2766 estin
696 2719 877 2780 semine,
907 2735 1155 2787 antequam
1194 2723 1240 2770 in
1273 2720 1446 2771 formas
1475 2721 1738 2786 parentibus
1772 2720 1859 2769 suis
1897 2721 2061 2768 fimiles
2095 2723 2238 2786 potest
2271 2739 2349 2770 ex-

352 2785 511 2850 pandi,
547 2785 795 2838 succeffive
820 2788 1055 2852 aperienda
1086 2788 1183 2845 est-,
1224 2790 1275 2838 δε
1311 2803 1421 2838 cum
1448 2790 1647 2854 aperitur
1669 2789 1720 2838 &
1744 2787 1923 2836 inchoat
1944 2787 2152 2846 crescere,
2192 2800 2350 2853 aptant

357 2850 400 2899 se
439 2866 610 2909 carnes,
645 2853 812 2918 quibus
836 2854 1161 2905 circumcincta
1192 2855 1274 2913 est,
1309 2856 1559 2904 inserviunt
1592 2857 1796 2920 primum
1820 2871 1906 2919 pro
1930 2855 2090 2913 humo,
2131 2856 2237 2903 dein
2261 2872 2349 2920 pro

357 2917 492 2967 succo
515 2915 818 2978 faecundante,
855 2920 958 2985 post
979 2921 1066 2969 hoc
1088 2933 1289 2986 tempus,
1323 2921 1450 2987 quod
1473 2920 1537 2970 est
1559 2935 1741 2987 tempus
1764 2921 1859 2986 ejus
1882 2924 1929 2970 in
1951 2935 2097 2979 utero,
2134 2921 2345 2982 nascitur,

310 2985 406 3054 f&
428 2996 539 3033 tunc
561 2986 830 3052 relinquitur
851 2988 997 3037 humo
1019 3000 1167 3046 terrae,
1206 2990 1281 3036 cui
1316 3002 1371 3036 ut
1409 2989 1558 3036 semen
1597 2989 1860 3038 inseminata
1891 2989 1968 3037 est.
2040 2990 2115 3037 Ex
2147 2989 2215 3036 his
2246 2990 2345 3039 idea

355 3049 543 3100 formari
563 3053 727 3118 potest,
761 3055 1001 3119 quomodo
1024 3054 1066 3103 se
1088 3054 1222 3103 habet
1244 3070 1353 3103 cum
1377 3056 1635 3103 derivativis
1658 3057 1709 3104 in
1729 3057 1888 3106 ordine
1912 3055 2183 3104 succeffivo:
2232 3057 2346 3106 ficut

356 3118 400 3166 se
422 3119 554 3169 habet
589 3121 636 3168 in
669 3137 819 3186 regno*
835 3121 1092 3187 vegetabili,
1129 3123 1190 3171 ita
1227 3138 1412 3187 quoque
1440 3121 1489 3170 se
1526 3121 1660 3172 habet
1691 3124 1738 3171 in
1773 3138 1916 3187 regno
1947 3122 2146 3180 animali,
2187 3121 2258 3171 sed
2299 3127 2346 3173 in

353 3184 444 3234 hoc
479 3185 630 3240 multo
661 3187 932 3252 perfefflus3
968 3188 1070 3237 sunt
1102 3190 1148 3236 in
1183 3204 1328 3253 regno
1353 3188 1537 3238 animali
1569 3191 1802 3248 exteriora,
1844 3191 1893 3238 &
1927 3189 2152 3248 interiora,
2192 3207 2242 3238 ac
2279 3191 2346 3239 in·

356 3252 487 3313 tima,
523 3254 689 3320 pariter
720 3257 768 3304 in
790 3257 949 3306 ordine
983 3255 1255 3313 succeffivo;
1289 3272 1402 3371 Iquae
1442 3258 1561 3306 inter
1600 3259 1644 3323 se
1677 3256 1886 3306 distincta
1920 3255 2041 3318 sunt,
2064 3257 2131 3324 ,δε
2166 3257 2350 3372 quoque

1371 3340 1397 3374 2
2097 3331 2292 3387 conjunc
2315 3341 2374 3382 ae,
