2684 3672
459 191 487 204 N

589 186 934 309 CAPUT
984 214 1456 278 DECIMUM
1503 215 2042 283 SEPTIMUM.
2225 216 2311 295 63

310 351 431 396 mm
460 359 544 409 quo
563 349 565 351 ’
573 341 800 406 perczffsti
824 342 1034 402 fluvium,
1071 345 1214 406 accipe
1244 345 1292 390 in
1329 359 1458 392 manu
1498 352 1596 401 tua,-
1635 343 1690 394 &
1712 343 1867 393 vadas.
1938 345 2049 393 Ecce
2070 347 2164 409 Ego
2182 344 2309 405 stans

305 423 411 462 ante
443 421 487 458 te
518 409 582 458 ibi
605 411 742 475 super
773 421 907 472 petra
952 413 999 458 in
1036 411 1215 467 Choreb,
1264 411 1319 460 69²
1348 413 1568 472 percutias
1603 421 1795 473 petram,
1835 409 1895 460 &
1935 411 2106 460 exibunt
2142 428 2192 459 ex
2230 411 2309 459 illa

303 494 442 544 aqua,
477 471 534 526 ἔθ’
555 477 671 524 bibet
698 477 908 539 populus:
953 478 1010 526 ἔθ’
1031 478 1144 539 fecit
1178 480 1246 525 ita
1267 477 1474 541 Moscheh
1503 477 1568 525 ad
1596 477 1734 525 oculos
1757 477 1972 540 seniorum
1991 477 2174 540 Istaelis.
2242 477 2314 525 Et

305 545 520 593 clamavit
562 542 783 591 Moscheh
817 543 872 590 ad
912 544 1157 605 jehovam,
1199 545 1415 602 dicendo,
1461 544 1687 608 fignificat
1725 543 2090 592 lamentationem
2126 544 2310 591 interio-

305 627 402 661 rem
437 625 490 658 ac
525 612 911 658 interceffionern:
957 611 1072 674 quid
1096 610 1256 658 faciam
1295 610 1470 675 populo
1498 612 1621 669 huic,
1662 610 1886 676 fignificat
1917 626 2005 675 pro
2026 610 2113 658 illis
2146 611 2227 673 qui
2262 612 2310 657 in

304 679 602 743 querimonia*
625 690 719 725 tam
751 678 882 741 gravi
914 677 977 724 ob
1010 694 1102 724 non
1132 678 1440 742 receptionem
1463 679 1591 727 veri:
1637 678 1786 725 adhuc
1821 693 1984 741 pamm
2017 677 2067 724 ὅτ
2101 676 2307 741 lapidant
2337 679 2340 682 ’

307 761 383 794 me
417 744 639 806 significat
674 745 803 808 quod
838 760 931 791 non
963 743 1123 808 procul
1158 744 1212 791 fit
1235 745 1348 808 quin
1371 745 1497 792 Vero
1529 761 1555 791 a
1576 745 1754 792 Divino
1777 744 2041 795 violentiam
2078 742 2299 792 inferant:

303 813 355 861 ὃτ
376 811 497 859 dixit
518 811 725 873 Jehovah
759 811 815 857 ad
841 810 1080 868 Moschen‚
1117 811 1339 875 fignificat
1357 826 1527 876 opem:
1575 810 1709 859 transi
1743 823 1847 859 ante
1880 810 2126 876 populum,
2166 809 2304 874 figni-

305 879 415 927 ficat
449 891 501 926 ut
524 878 664 929 ducat
696 879 746 926 &
770 876 928 925 doceat
961 877 1087 925 illos:
1138 880 1187 926 ὅτ.
1221 879 1375 942 accipe
1407 863 1518 926 ciffn
1549 890 1595 926 te
1627 879 1684 926 de
1720 877 1965 926 senioribus
1991 877 2182 933 israelis,¹
2210 876 2303 940 fig·

305 945 463 994 nificat
485 961 542 992 ex
564 941 786 1008 primariis
813 945 959 992 veris:
1003 944 1055 992 δε
1089 943 1303 992 baculum
1342 957 1497 1002 tuum,
1544 960 1641 1009 quo
1674 943 1918 1008 percussisti
1956 944 2172 1000 fluvium,
2211 943 2302 1007 fig-

305 1010 460 1060 nificat
492 1013 744 1076 potentiam
782 1010 1005 1058 Divinam
1045 1026 1126 1074 per
1160 1027 1301 1075 quam
1339 1012 1543 1076 diffipata
1575 1010 1677 1059 sunt
1710 1010 1843 1059 falsa:
1890 1012 2045 1076 accipe
2079 1012 2126 1057 in
2165 1022 2329 1057 manu·

303 1091 384 1127 tua
414 1080 467 1127 ὅτ.
488 1077 643 1135 vadas,
678 1077 902 1141 fignificat
939 1077 1068 1142 quod
1102 1076 1186 1124 illa
1209 1076 1450 1126 instruftus
1486 1077 1752 1126 mandatum
1787 1078 2020 1142 perficiat:
2064 1092 2168 1126 ecce
2190 1077 2303 1141 Ego

304 1144 423 1193 stans
459 1157 561 1194 ante
599 1157 644 1192 te
683 1143 746 1191 ibi
781 1143 911 1208 super
944 1157 1069 1208 petra
1106 1146 1155 1193 in
1196 1144 1398 1200 Choreb,
1447 1145 1671 1208 fignificat
1702 1145 1966 1192 Dominum
2002 1144 2155 1208 quoad
2197 1144 2305 1191 fidei

306 1226 441 1260 vera:
489 1212 538 1259 ὅτ,
568 1212 789 1275 percutias
824 1224 1019 1275 petram,
1053 1210 1277 1275 fignificat
1316 1224 1369 1258 ut
1402 1211 1568 1259 instent
1606 1227 1767 1275 rogare
1791 1211 1982 1276 Ipsum:
2032 1204 2083 1260 δὲ
2114 1210 2306 1259 exibunt

305 1293 456 1343 aquae,
513 1278 736 1342 fignificat
789 1277 917 1341 quod
958 1277 1014 1325 ab
1054 1278 1159 1341 Ipso
1205 1293 1312 1325 vera
1356 1277 1494 1326 fidei:
1561 1279 1610 1326 &
1659 1278 1781 1326 bibat
1819 1278 2034 1343 populus,
2081 1277 2306 1341 fignificat

305 1360 415 1410 quae
447 1345 708 1393 recreabunt
741 1344 859 1402 illos,
902 1346 951 1392 δε
991 1345 1135 1392 vitam
1175 1344 1451 1408 spiritualem
1492 1345 1701 1394 dabunt:
1749 1346 1798 1394 &
1837 1343 1945 1393 fecit
1980 1346 2042 1392 ita
2080 1344 2306 1393 Moscheh

306 1412 366 1460 ad
398 1411 555 1460 oculos
588 1410 813 1459 seniorum
848 1410 1036 1468 IsraeliS,
1072 1411 1296 1475 fignificat
1335 1410 1550 1460 effectum
1589 1427 1672 1476 per
1704 1413 1914 1475 primaria
1938 1427 2055 1460 vera.

309 1481 318 1493 ²
378 1483 524 1544 8573.
575 1479 641 1526 Et
688 1478 906 1526 clamavit
940 1476 1166 1531 Moscheh
1211 1478 1269 1526 ad
1306 1478 1552 1539 Jehovam,
1598 1479 1728 1542 quod
1766 1477 1987 1543 significet
2019 1478 2306 1526 lamentatio·

247 1602 254 1607 N
307 1561 414 1595 nem
454 1546 732 1602 interiorem,
772 1546 823 1593 ὅτ
857 1545 1228 1602 interceffionem,
1278 1543 1450 1592 constat
1483 1561 1542 1593 ex
1580 1545 1904 1608 significatione
1938 1545 2148 1602 clamare,
2193 1561 2305 1594 cum

307 1611 493 1676 de.ope
530 1613 719 1668 Divina,
753 1627 895 1676 quam
930 1611 1130 1676 populus
1169 1627 1227 1660 ex
1259 1612 1388 1676 gravi
1426 1610 1672 1660 indolentia
1706 1611 1953 1676 flagitabat,
1993 1611 2120 1675 quod
2153 1611 2209 1660 fit
2242 1612 2305 1660 la-

309 1679 529 1727 mentatio
567 1679 768 1736 interior,
816 1692 868 1726 ut
891 1694 1092 1743 *quoque
1138 1680 1264 1742 prius
1308 1695 1375 1727 nt
1406 1683 1572 1744 77823
1633 1691 1769 1742 atque
1818 1681 2085 1736 interceffio,
2131 1690 2184 1726 ut
2234 1695 2301 1728 n:

310 1750 455 1812 8179.
525 1745 652 1811 Qia
689 1762 770 1810 per
801 1746 1015 1793 clamavit
1037 1745 1260 1793 Moscheh
1299 1746 1359 1794 ad
1381 1745 1633 1808 Jehovam,
1678 1745 1956 1810 significatur
1994 1747 2240 1794 interceffio
2280 1763 2305 1793 a

306 1811 484 1864 Divino
506 1813 647 1869 Vero,
681 1813 809 1876 quod
842 1828 924 1877 per
947 1811 1172 1862 Moschen
1206 1809 1563 1877 repraesentatur,
1603 1815 1757 1877 paucis
1786 1812 2055 1869 dicendum,
2096 1812 2209 1876 quid
2250 1812 2307 1860 sit

307 1881 576 1936 inoerceffi0‚'
613 1881 663 1927 δι
696 1879 941 1944 quomodo
980 1895 1089 1927 cum
1124 1879 1198 1927 illa
1235 1880 1278 1928 se
1311 1879 1474 1928 habet:
1535 1882 1618 1944 qui
1657 1896 1750 1929 non
1792 1879 1955 1937 sciunt,
2009 1880 2124 1944 quid
2166 1882 2304 1927 inter-

308 1949 456 2005 ceffio,
498 1963 591 1995 non
633 1947 766 1995 aliam
805 1947 886 1995 fibi
925 1946 1074 1994 ideam
1110 1947 1167 1994 de
1202 1946 1279 1994 illa
1317 1947 1463 1995 sistere
1495 1948 1695 2012 possunt,
1742 1963 1882 2012 quarn
1916 1948 2045 2011 quod
2070 1948 2304 1994 Dominus

310 2016 531 2061 continue
564 2028 662 2062 oret
686 2015 887 2071 Patrem,
926 2014 975 2061 ὅτ
1006 2013 1253 2062 intercedat
1283 2029 1370 2078 pro
1399 2027 1652 2078 peccatore,
1691 2017 1773 2078 qui
1806 2014 1972 2062 devote
2002 2013 2221 2078 supplicat
2254 2016 2306 2061 ὅτ

308 2081 625 2145 poenitentiam
670 2081 946 2144 pollicetur;
972 2132 979 2145 ἱ
1003 2081 1102 2128 imo
1154 2081 1379 2145 simplices
1425 2082 1647 2146 cogitant,
1703 2081 1832 2145 quod
1873 2082 2111 2131 Dominus
2159 2080 2304 2127 sedeat

306 2149 432 2211 apud
469 2148 669 2205 Patrem,
706 2149 757 2195 &
793 2148 1007 2212 loquatur
1040 2163 1149 2195 cum
1186 2148 1292 2212 Ipso
1329 2148 1387 2196 de
1419 2161 1671 2212 peccatore,
1706 2150 1757 2196 &
1796 2150 1927 2212 quod
1961 2160 2095 2212 roget
2128 2146 2302 2211 Ipsum,

307 2226 360 2262 ut
396 2214 472 2261 det
510 2215 644 2262 illum
683 2214 779 2270 fibi,
821 2228 872 2262 ut
907 2213 961 2262 fit
997 2215 1043 2262 in
1069 2215 1239 2279 Regno
1262 2215 1372 2277 suo,
1413 2217 1461 2263 &
1499 2217 1703 2280 potiatur
1738 2214 1950 2264 felicitate
1985 2228 2184 2269 aeterna;
2233 2227 2300 2262 ta-

230 2340 233 2341 ⁷
307 2281 398 2328 lem
440 2281 585 2330 ideam
622 2281 785 2328 habent
818 2281 1049 2346 perplures
1089 2282 1147 2329 de
1185 2283 1512 2341 Interceffione,
1554 2283 1612 2331 de
1650 2299 1741 2346 qua
1777 2285 1822 2330 in
1855 2281 2028 2339 VeLbO,
2074 2281 2154 2330 ubi
2192 2281 2306 2328 dici-

305 2347 404 2404 tur,
432 2347 560 2412 quod
596 2348 828 2396 Dominus
864 2348 1043 2412 rogabit
1081 2350 1261 2397 Patrem
1298 2349 1435 2402 ,suum
1477 2366 1563 2414 pro
1597 2349 1715 2399 illis:
1762 2349 1836 2398 sed
1875 2351 1978 2413 quis
2018 2365 2113 2397 non
2146 2349 2302 2395 videre

307 2413 470 2477 potest,
514 2415 644 2479 quod
683 2415 783 2462 haec
817 2414 940 2463 dieta
975 2414 1063 2464 fint
1108 2415 1359 2464 secundum
1399 2416 1520 2465 ideas
1566 2417 1854 2481 cogitationis
1897 2419 2145 2470 humanae3
2191 2431 2301 2465 nam

305 2481 610 2546 unusquisque
643 2481 724 2530 illo
769 2495 993 2547 ternpore,
1038 2482 1155 2532 ficut
1188 2485 1239 2531 ὅτ
1275 2483 1508 2548 perpluoes
1541 2483 1696 2542 hodie,
1754 2499 1846 2531 non
1887 2483 2015 2531 alioer
2049 2494 2317 2546 potuerunt¹

306 2548 508 2612 cogitare
552 2549 608 2596 de
645 2550 814 2612 Regno
850 2549 1039 2606 coelesti,
1086 2565 1227 2614 quam
1268 2550 1382 2597 ficut
1422 2551 1628 2614 cogitant
1677 2551 1735 2598 de
1773 2552 1943 2614 Regno
1987 2548 2195 2604 terrestri,
2241 2548 2299 2596 ab

306 2615 395 2662 hoc
434 2615 558 2662 enim
592 2617 768 2679 capitur
805 2615 904 2664 idea
939 2617 996 2664 de
1036 2608 1148 2673 illo;
1188 2630 1241 2664 ut
1277 2615 1507 2665 manifeste
1543 2629 1668 2682 patet
1706 2617 1763 2664 ab
1800 2618 1904 2682 ipfis
1939 2615 2298 2679 ApostolisDo-

308 2683 440 2738 mini,
481 2681 744 2743 Jacobo-8z
780 2683 1002 2744 Johanne,
1047 2685 1128 2748 qui
1172 2685 1398 2748 petierunt
1435 2697 1501 2732 ut*
1527 2700 1646 2732 unus
1685 2683 1854 2732 sederet
1891 2699 1916 2731 a
1956 2684 2143 2739 dextris,
2188 2682 2296 2728 alter

304 2764 332 2795 a
365 2746 545 2796 finistris
581 2749 626 2794 in
660 2749 828 2812 Regno
866 2749 1027 2814 Ipfius,
1069 2752 1203 2798 Marc
1227 2769 1239 2799 ε
1267 2747 1295 2797 x
1322 2770 1333 2799 ε
1358 2767 1436 2815 35.
1481 2754 1557 2815 36.
1596 2768 1694 2816 37³
1739 2751 1789 2799 δε
1826 2766 2012 2815 quoque
2050 2767 2075 2797 a
2113 2749 2295 2812 reliquis

304 2814 558 2880 Apostoli5‚
599 2816 715 2862 inter
748 2830 864 2878 quos
889 2817 995 2880 quia
1033 2819 1268 2866 contentio
1299 2815 1415 2866 fa&a
1451 2819 1531 2876 est,
1571 2819 1676 2883 quis
1708 2818 1894 2867 illorum
1929 2817 2076 2881 major
2115 2815 2294 2865 futurus

301 2881 372 2931 est
406 2883 456 2930 in
494 2883 662 2946 Regno
693 2882 903 2940 Domini,
932 2882 1108 2946 quibus
1144 2885 1376 2932 Dominus
1414 2885 1520 2933 ideo
1564 2885 1699 2944 dixit,
1743 2885 1870 2950 quod
1907 2884 2206 2932 comederunt
2243 2883 2295 2930 δε

306 2948 510 2997 biberent
546 2948 677 3013 super
714 2947 862 2997 mensa
901 2947 975 2996 sua
1009 2951 1056 2996 in
1094 2950 1260 3014 Regno
1298 2951 1394 3009 su0‚
1441 2953 1491 3000 δι
1540 2952 1670 3015 quod
1714 2951 1916 3000 sederent
1954 2951 2083 3014 super
2115 2949 2294 2999 thronis

296 3013 554 3080 judicantes
592 3015 842 3064 duodecim
877 3015 1050 3063 Tribus
1083 3014 1301 3074 Israelis,”
1347 3018 1454 3066 Luc
1478 3036 1490 3066 ε
1514 3031 1660 3067 nur:
1686 3035 1763 3080 24.
1804 3037 1882 3083 30,
1932 3017 2294 3082 proinde-quod

305 3094 541 3147 regnarent
564 3097 672 3131 cum
698 3081 828 3147 Ipso:
870 3081 969 3131 haec
1009 3082 1136 3147 quod
1171 3082 1420 3132 secundum
1453 3085 1604 3133 ideam
1633 3101 1691 3133 ac
1729 3089 1791 3134 ita
1823 3085 2072 3133 secundum
2108 3096 2295 3147 captum

303 3149 490 3198 illorum
529 3150 650 3198 dicta
685 3149 802 3207 fiat,¹
823 3150 874 3198 δε
909 3150 1039 3214 quod
1070 3149 1326 3215 significent
1360 3152 1408 3199 in
1445 3153 1647 3200 interiori
1690 3151 1832 3215 sensu⁸
1861 3151 2001 3208 aliud,
2037 3151 2163 3216 quod
2204 3167 2297 3198 non

302 3216 364 3284 ita
395 3227 518 3271 tuncv
542 3215 697 3283 potuit
727 3215 972 3285 propalari,
1006 3229 1133 3282 patet
1152 3239 1173 3276 ·,
1223 3217 1340 3283 quid
1374 3218 1621 3280 duodecim
1654 3219 1826 3278 throni,
1866 3217 2004 3284 supet*
2032 3218 2199 3283 quibus
2208 3219 2296 3331 {Al-

221 3296 223 3298 ·
383 3319 387 3322 -
513 3311 518 3319 -
979 3287 992 3292 ”
1918 3287 1922 3291 ’
2132 3284 2312 3347 pelei,
