2722 3684
403 161 536 228 422
766 140 913 206 .E
1047 143 1135 209 X
1261 146 1323 211 Ὀ
1463 146 1538 211 D
1675 144 1804 210 U'
1883 143 2080 211 Sl}

404 265 581 312 catione
603 259 745 316 vocis,
780 279 884 314 cum
908 266 965 314 de
990 267 1216 325 Domine,
1253 267 1376 332 quod
1401 267 1485 315 fint
1519 266 1639 315 Vera
1674 266 1867 323 Divina,
1900 265 1958 313 de
2000 279 2093 328 qua·
2129 281 2186 315 n:
2222 266 2389 333 7573?-

412 333 558 393 8813,
597 330 656 377 ita
679 342 905 396 praecepta
930 349 1039 397 quae
1058 350 1084 381 a
1109 335 1348 387 Domino;
1383 348 1489 380 vera
1514 331 1707 380 Divina=
1711 333 1761 380 ὅτ
1786 345 2009 403 praecepta
2028 347 2142 396 quae
2163 349 2189 388 a
2212 335 2386 382 Domi-

411 411 473 443 no
508 398 606 444 sunt
638 408 752 457 quae
769 400 815 445 in
850 399 1038 453 Verbo·‚
1078 399 1181 445 inde
1216 414 1403 463 quoque
1426 398 1633 446 Verbum
1666 399 1718 446 ὅτ
1739 397 1958 445 ἀοᾶτὶῐιει
1968 413 1994 444 e
2017 399 2168 446 Verbo
2190 401 2254 448 est
2278 400 2385 447 Vox
2416 436 2418 439 .

415 461 635 524 Jehovae,
673 475 731 505 11·
761 481 869 528 219.
898 481 1006 513 220.
1033 466 1177 527 6971.

482 532 628 590 9308.
662 523 746 578 Ne
771 533 1002 577 exacerbes
1027 530 1176 587 Eum,
1213 528 1336 593 quod
1376 527 1612 593 significet
1634 529 1910 583 aversionem
1943 529 2002 577 ab
2042 529 2147 593 Ipso
2170 546 2253 595 per
2276 529 2385 578 falsa

413 607 471 639 ex
490 595 630 651 malo,
666 595 837 644 constat
869 610 927 642 ex
961 595 1283 659 significatione
1306 595 1566 642 exacerbare
1589 591 1700 642 seu
1691 610 1801 642 iram
1827 594 2034 651 excitare,
2071 611 2179 643 cum
2203 597 2260 642 de
2287 598 2387 644 Do-

417 659 562 715 mino,
598 663 677 721 qui
702 662 774 707 hic
798 659 859 705 est
885 661 1113 723 Angelus,
1133 661 1258 725 quod
1287 661 1337 707 sit
1359 672 1561 707 avertere
1584 674 1664 722 per
1687 660 1793 707 falsa
1817 676 1875 708 ex
1898 663 2036 718 malo,
2073 676 2181 710 nam
2205 661 2311 710 falsa
2329 678 2386 709 ex

418 725 541 771 malo
563 728 662 771 {unt
685 725 928 772 aversiones
950 742 974 773 a
1001 727 1226 783 Domino,
1261 726 1318 774 de
1342 741 1430 790 qua
1455 742 1512 772 n:
1537 741 1685 789 4997.
1717 727 1860 788 5746.
1890 730 2034 786 5841.
2089 767 2091 769 ,

484 806 628 855 9309.
668 791 794 863 Quia
820 807 910 838 non
934 790 1044 839 feret
1066 793 1484 855 praevaricationem
1507 791 1729 848 vestram,
1758 792 1882 854 quod
1925 792 2143 853 significet
2173 793 2280 855 quia
2313 793 2387 840 illa

418 869 670 917 repugnant
696 871 810 903 veris
833 873 888 905 ex
923 857 1064 914 bono,
1100 858 1267 905 constat
1289 872 1344 904 ex
1368 857 1692 920 significatione
1714 856 2111 919 praevaricationis,
2150 858 2276 920 quod
2301 858 2387 905 sint

418 934 525 980 quae
549 934 704 970 contra
738 937 840 969 vera
867 921 989 979 fidei,
1027 924 1084 970 de
1118 940 1208 987 qua
1233 940 1287 970 n.
1357 923 1462 984 156,
1500 922 1561 968 ita
1596 937 1702 985 quae
1737 934 1991 986 repugnant
2026 922 2142 968 veris
2165 937 2221 968 ex
2245 923 2401 980 bono,

417 1001 527 1047 quae
553 987 652 1035 sunt
676 1003 779 1034 vera
804 987 945 1043 fidei3
978 989 1103 1053 quod
1127 1003 1230 1036 vera
1250 939 1462 1036 ex9bon0
1472 987 1556 1034 sint
1579 1002 1680 1034 vera
1699 987 1841 1042 fidei·,
1875 987 1957 1034 est
1961 989 2067 1051 quia
2091 988 2203 1035 fides
2224 989 2287 1035 est
2313 990 2392 1035 bo-

422 1051 487 1107 ni,
523 1052 662 1116 usque
681 1053 795 1100 adeo
813 1067 863 1100 ut
881 1069 971 1101 non
995 1055 1155 1102 dabilis
1174 1056 1225 1102 fit
1249 1054 1328 1102 nifi
1347 1053 1426 1102 ubi
1452 1054 1659 1106 bonum·,
1695 1053 1800 1099 inde
1826 1069 1904 1116 per
1921 1070 2013 1100 non
2037 1053 2151 1100 ferre
2178 1056 2390 1116 praevari-

420 1118 642 1170 cationem
662 1119 871 1176 vestram,
909 1119 1180 1183 fignificatur
1198 1135 1288 1167 non
1311 1112 1519 1166 sustinere
1541 1118 1642 1165 falsa
1661 1133 1716 1165 ex
1736 1119 1857 1183 malo
1875 1120 1981 1183 quia
2003 1134 2254 1181 repugnant
2274 1123 2390 1167 veris

421 1196 479 1227 ex
503 1182 658 1240 bono,
693 1184 748 1230 de
771 1188 1069 1248 repugnantia
1094 1186 1167 1232 illa
1194 1185 1393 1232 videatur
1418 1185 1546 1247 supra
1574 1200 1630 1230 n:
1657 1187 1820 1247 92981
1855 1185 1997 1232 simile
2014 1186 2138 1248 quod
2161 1184 2234 1232 hic
2252 1186 2388 1233 etiam

425 1247 697 1323 intelligitur
719 1252 838 1313 apud
868 1252 1098 1299 Davidem
1151 1259 1187 1280 “
1210 1250 1489 1297 Osculamini
1517 1248 1684 1295 Filium
1715 1264 1770 1296 ne
1806 1249 2027 1306 irascatur,
2065 1251 2114 1297 &
2136 1251 2318 1312 pereatis
2343 1252 2390 1298 in

426 1315 514 1370 via,
550 1315 657 1379 quia
676 1316 903 1363 exardebit
926 1318 1018 1364 cito
1041 1318 1104 1363 ira
1140 1315 1265 1377 Ejus,
1302 1316 1416 1363 beati
1454 1330 1610 1371 omnes
1643 1314 1955 1363 confidentes
1945 1331 1989 1363 in
2016 1314 2172 1378 Ipso”
2210 1317 2387 1365 Psalm:

426 1393 498 1425 11:
532 1396 622 1436 12,
646 1381 874 1428 Dominus
900 1381 973 1428 hic
996 1394 1177 1428 vocatur
1203 1381 1341 1429 Filius
1363 1398 1388 1428 a
1407 1381 1529 1427 Vero
1562 1379 1687 1435 fidei,
1722 1381 1848 1444 quod
1882 1382 1940 1428 ab
1958 1381 2080 1444 Ipso,
2115 1381 2240 1443 quod
2265 1382 2311 1462 id
2340 1383 2392 1430 sit

389 1443 591 1502 ,Filius
629 1447 1084 1511 videaturn:1729
1120 1463 1257 1519 1733.
1281 1463 1423 1510 2159.
1452 1449 1593 1508 2803.
1614 1448 1755 1507 2813.
1785 1461 1927 1509 3704.
2434 1469 2444 1475 .

494 1527 638 1574 9310
676 1513 795 1573 Qia
823 1512 1011 1560 Nomen
1049 1529 1202 1560 meum
1229 1529 1272 1559 in
1299 1512 1454 1560 medio
1486 1511 1615 1572 Ejus,
1651 1511 1773 1575 quod
1800 1513 2020 1575 significet
2043 1513 2170 1576 quod
2204 1513 2259 1560 ab
2289 1512 2394 1576 Ipso

424 1589 563 1623 omne
588 1578 758 1624 bonum
783 1580 946 1626 amoris
970 1580 1017 1626 ὅτ
1044 1595 1204 1628 verum
1231 1578 1356 1635 fidei,
1390 1578 1560 1624 constat
1583 1592 1639 1624 ex
1664 1577 1989 1640 fignificatione
2013 1578 2232 1626 Nominis
2255 1579 2395 1639 Jeho·

429 1655 518 1697 vae,
553 1643 675 1706 quod
704 1644 756 1691 fit
777 1660 913 1692 omne
939 1644 983 1690 in
1008 1644 1356 1706 unocomplexu
1377 1660 1456 1706 per
1473 1642 1596 1707 quod
1611 1643 1774 1690 colitur
1796 1645 1941 1701 DeuS,
1976 1645 2033 1692 de
2051 1661 2137 1708 qua
2165 1660 2216 1692 n:
2247 1660 2392 1706 27²4·

433 1708 577 1768 3006,
616 1710 672 1756 ita
697 1725 835 1758 omne
855 1711 1024 1757 bonum
1049 1710 1213 1757 amoris
1237 1711 1284 1757 &
1301 1726 1459 1757 verum
1481 1708 1606 1764 fidei,
1644 1723 1701 1756 n:
1729 1709 1892 1772 6674;
1927 1712 1974 1758 &
1993 1725 2047 1756 ex
2067 1711 2393 1773 fignificatione

431 1773 476 1819 in
503 1774 654 1821 medio
671 1773 800 1836 Ejus,
837 1776 960 1838 quod
985 1776 1038 1823 fit
1055 1777 1180 1839 quod
1201 1776 1245 1821 in
1274 1777 1393 1839 Ipso,
1431 1775 1491 1822 ita
1513 1789 1695 1837 quoque
1719 1776 1843 1838 quod
1865 1790 1922 1823 ex
1949 1776 2068 1839 Ipse,
2094 1792 2197 1823 nam
2221 1778 2394 1823 bonum

430 1840 597 1902 amoris
616 1842 700 1888 tale
717 1841 796 1898 est,
833 1854 884 1888 ut
900 1842 1024 1917 quod
1039 1842 1131 1888 est
1121 1858 1166 1888 1n
1194 1841 1270 1887 illo
1293 1842 1430 1894 etiam
1450 1841 1563 1888 {itin
1588 1841 1684 1887 aliis
1700 1855 1755 1888 ex
1771 1841 1867 1896 illo,
1902 1841 1965 1888 est
1989 1843 2110 1889 enim
2135 1842 2396 1889 communi-

429 1905 634 1954 cativum
671 1907 779 1961 sui·‚
836 1907 1072 1970 proprium
1108 1908 1230 1954 enim
1268 1909 1433 1955 amoris
1464 1905 1542 1961 est,
1597 1917 1649 1952 ut
1693 1906 1804 1953 velit
1837 1907 1968 1980 quod·
1999 1923 2136 1954 omne
2175 1907 2302 1954 suum
2339 1922 2398 1953 ex

429 1970 472 2017 se
506 1972 552 2018 in
603 1972 700 2021 aliis
747 1973 836 2027 fit;
893 1973 979 2020 hoc
1027 1973 1133 2037 quia
1179 1973 1233 2020 fit
1279 1989 1337 2020 ex
1378 1971 1478 2035 Ipso
1522 1969 1713 2019 Divino
1743 1987 1823 2035 per
1855 1972 2086 2022 Divinum
2125 1973 2404 2020 Humanum

433 2035 593 2094 suum,
645 2040 694 2086 δε
742 2048 796 2086 'ex
840 2037 942 2094 Eo,
994 2039 1098 2086 ideo
1143 2054 1330 2103 quoque
1375 2038 1606 2085 Dominus
1632 2038 1800 2099 οξι]0;1ἀ
1848 2038 2081 2091 Divinum
2121 2038 2410 2086 Humanum·

433 2101 598 2150 dicitur
643 2105 834 2151 Nomen
873 2105 1086 2166 Jehovae,
1124 2121 1188 2151 n:
1227 2106 1372 2166 6887.
1403 2108 1584 2164 82.74
1642 2104 1735 2163 Qui
1783 2119 1875 2152 non
1922 2104 2006 2152 scit
2048 2104 2163 2168 quid
2212 2104 2402 2151 Nomen

435 2167 481 2214 in
519 2168 642 2215 sensu
680 2171 854 2217 interno
890 2170 1123 2232 fignificat,
1171 2170 1350 2218 credere
1386 2168 1551 2232 potest,
1594 2169 1728 2233 quod
1780 2173 1824 2217 in
1850 2171 2032 2227 Verbo,·
2084 2169 2161 2217 ubi
2209 2170 2406 2229 Nomen

435 2233 633 2296 Jehovae
678 2251 727 2282 ac
779 2236 964 2283 Nomen
1019 2235 1211 2283 Domini
1259 2236 1443 2291 dicitur,
1500 2233 1645 2282 solum
1695 2234 1885 2283 Nomen
1943 2236 2234 2297 intelligatur,
2291 2250 2401 2282 cum

439 2314 591 2346 tamen
629 2300 690 2346 est
730 2301 1084 2348 omnebonum
1131 2301 1294 2348 amoris
1337 2303 1388 2348 ὅτ
1431 2315 1570 2347 omne
1614 2316 1772 2347 verum
1807 2301 1922 2349 <fidei
1957 2301 2079 2366 quod
2115 2317 2140 2347 a
2174 2301 2398 2357 Domino,

438 2378 489 2421 ut
510 2365 635 2430 apud,
656 2366 933 2428 Matthaeum
987 2374 1020 2396 ‘⁶
1045 2367 1092 2414 Si
1126 2366 1206 2414 duo
1223 2383 1272 2413 ex
1289 2367 1405 2415 vobis
1422 2363 1688 2429 consenserint
1711 2369 1756 2412 in
1779 2366 2094 2424 Nomine‘r'me‘o.
2114 2366 2242 2429 super
2288 2377 2401 2414 terra

438 2432 496 2477 de
519 2432 646 2478 omni
672 2447 734 2488 re,
770 2446 1093 2496 quamcunque
1113 2434 1339 2496 petierint,
1375 2433 1455 2479 fiet
1476 2432 1595 2478 illis:
1633 2431 1832 2492 abisam,
1857 2432 1949 2480 duo
1958 2442 2037 2480 aut
2043 2438 2139 2478 tres
2164 2435 2404 2493 congregati

437 2499 482 2544 in
516 2496 695 2544 Nomine
720 2513 819 2553 meo,
855 2499 918 2545 ibi
943 2498 1108 2545 summ
1130 2499 1282 2546 medio
1309 2513 1468 2545 eorum
1488 2496 1520 2516 ''
1557 2511 1722 2544 xviri:
1765 2515 1839 2562 ¹9·
1880 2504 1977 2553 20'3
2013 2497 2158 2560 Apud
2186 2498 2404 2545 Eundem

443 2570 478 2592 “
514 2563 678 2609 Omnis
697 2563 777 2627 qui
802 2563 1031 2626 reliquerit
1050 2564 1213 2611 domos
1237 2577 1314 2612 aut
1337 2563 1512 2618 fratres,
1546 2576 1623 2610 aut
1646 2557 1853 2620 sorores,
1867 2579 1947 2614 aut
1963 2577 2159 2638 patrem,
2192 2575 2270 2610 aut
2311 2560 2412 2611 1113·-

441 2640 575 2684 trem‚
612 2642 689 2676 aut
721 2644 926 2686 uxorem,
961 2642 1035 2676 aut
1063 2627 1240 2686 liberos,
1276 2642 1354 2677 aut
1386 2644 1530 2690 agrOS,
1561 2639 1735 2690 propter
1759 2630 1921 2678 Nomen
1945 2646 2095 2686 meum.
2140 2630 2407 2692 centuplum

441 2694 646 2755 accipiet,
682 2695 730 2742 δε
754 2695 861 2741 vitae
879 2708 1062 2742 aeternae
1086 2697 1289 2743 sortietur
1322 2693 1681 2743 haereditatem”
1740 2711 1988 2759 11111129.
2061 2696 2218 2758 Apud
2232 2696 2408 2756 johan-

443 2773 549 2817 nem
607 2766 640 2788 ‘⁶
667 2761 912 2823 Qotquot
931 2767 1212 2824 receperunt,
1238 2762 1363 2808 dedit
1386 2761 1473 2807 illis
1497 2759 1759 2823 potestatem
1784 2773 1833 2808 ut
1855 2761 1939 2809 filii
1957 2761 2043 2809 Dei
2062 2763 2219 2816 estem,
2239 2759 2405 2809 creden-

441 2824 615 2880 tibusin
633 2824 795 2872 Nomen
820 2826 980 2886 Ipsus
1043 2843 1093 2874 1:
1141 2841 1217 2875 12.
1268 2826 1441 2889 Apud.
1453 2825 1666 2873 Eundem
1735 2826 1911 2887 “Qui
1923 2843 2012 2874 non
2036 2828 2174 2875 'credit
2211 2823 2302 2886 jam
2328 2823 2406 2887 ju·

441 2886 613 2936 dicatus
635 2888 713 2945 est,
748 2893 846 2954 quia
870 2907 950 2938 non
969 2891 1151 2940 credidit
1163 2894 1207 2939 in
1226 2895 1392 2943 Nomen
1417 2892 1616 2954 Unigenti
1638 2893 1741 2940 Filii
1764 2891 1902 2940 Deit‘
1920 2901 2052 2941 1-111
2062 2928 2066 2936 .
2098 2895 2177 2940 18.
2257 2891 2410 2950 Apud·

443 2954 658 3002 Eundem
717 2963 748 2984 “
768 2956 891 3003 Haec
926 2957 1080 3020 scripta
1105 2956 1219 3014 sunt,
1255 2972 1303 3006 ut
1326 2958 1506 3006 credatis
1526 2957 1654 3018 quod
1677 2954 1805 3019 Jesus
1829 2959 2104 3006 [παπ-111115
2121 2920 2262 3003 Filius
2288 2957 2403 3011 Dei,

444 3022 493 3067 ὅτ
518 3031 563 3068 ut
603 3019 806 3069 credentes
851 3024 987 3069 vitam
1012 3024 1198 3073 habeatis
1233 3028 1276 3072 in
1300 3024 1480 3072 Nomine
1504 3022 1638 3084 Ipsius
1663 3022 1696 3041 '’
1736 3039 1836 3071 xx:
1875 3042 1973 3086 3¹³
2012 3024 2074 3071 in
2097 3021 2165 3068 his
2194 3020 2319 3077 Ιοείε,
2356 3023 2407 3068 δε

441 3086 491 3132 in
515 3087 797 3151 perpluribus
815 3086 911 3136 aliis
935 3103 1014 3153 per
1040 3089 1227 3140 Nomen
1255 3090 1452 3143 Domini
1479 3089 1756 3154 fignificatur
1789 3091 2133 3150 omnebonum
2173 3102 2338 3141 am0r¹S
2357 3088 2407 3133 &

2241 3168 2403 3201 verum
