2644 3796
377 277 462 337 24
935 204 1797 328 E-XODUS.

450 386 592 446 8446.
629 385 839 451 Loquere
862 386 918 434 ad
938 385 1038 434 illos
1062 386 1273 444 dicend0,
1308 387 1436 451 quod
1465 386 1686 451 significet
1716 385 2082 443 informationem
2105 386 2373 450 per'influx‘4·

381 465 480 507 um,
517 453 687 502 constat
709 469 766 501 ex
788 452 1110 519 significatione
1131 452 1258 516 loqui
1281 455 1327 501 in
1352 453 1568 501 historicis
1589 452 1748 510 Verbi,
1783 452 1908 517 quod
1934 452 1987 500 sit
2009 451 2284 512 informatio,
2320 462 2374 501 ut
2431 470 2434 471 ⁷

383 534 441 564 n:
472 523 594 579 8041
617 542 631 576 ς
668 520 719 567 δὲ
742 520 906 575 dicere,
940 519 1068 582 quod
1093 518 1145 566 s1t
1168 519 1380 576 influxus,
1417 536 1477 568 n:
1500 521 1643 585 6921,
1667 534 1808 583 729¹·
1837 524 1977 584 7381.
2001 523 2141 568 8221.
2163 521 2302 569 8262.

455 586 598 650 84'47.
634 587 756 633 Inter
774 584 975 648 vesperas
998 584 1243 632 comedetis
1266 601 1463 644 carnem,
1497 586 1625 649 quod
1656 584 1877 648 significet
1904 585 2031 649 quod
2055 587 2101 633 in
2124 585 2213 634 fine
2237 585 2372 635 status

384 650 1031 715 appropi-labiturjucundum,
1066 651 1272 698 videatur
1294 650 1424 715 supra
1445 668 1504 699 n:
1533 657 1679 713 8431,
1717 651 1795 699 ubi
1818 651 1976 699 similia
1999 651 2147 700 verba.
2290 652 2294 654 ’

457 723 599 778 8448.
636 719 700 765 Et
734 720 779 764 in
818 730 992 764 matuta
1028 715 1292 764 satiabimini
1331 734 1462 781 pane,
1495 718 1622 781 quod
1658 717 1880 780 significet
1908 717 2040 781 quod
2071 719 2118 765 in
2149 720 2374 784 principio

385 782 520 830 status
567 785 675 832 novi
718 783 950 831 habebitur
994 783 1168 831 bonum
1214 797 1437 848 quantum
1483 785 1675 848 recipere
1718 783 1908 847 poffent,
1945 787 2020 831 'ut
2062 786 2200 832 etiam
2245 784 2375 850 supra

384 866 444 897 n:
475 855 499 898 8
576 869 616 900 2.
1869 889 1871 891 .

455 868 596 980 84¹2}
635 917 698 964 Et
721 915 998 980 cognoscetis
1029 916 1156 979 quod
1180 915 1286 979 Ego
1310 915 1532 977 jehovah‚
1567 916 1694 980 quod
1733 916 1954 980 significet
1992 928 2045 964 ut
2076 915 2213 965 sciant
2248 917 2375 981 quod

384 982 615 1030 Dominus
648 982 764 1030 solus
789 985 930 1038 DeUS,
967 982 1137 1030 constat
1160 999 1215 1030 ex
1239 983 1322 1030 illis
1346 999 1451 1047 quae
1475 984 1600 1047 prius
1625 1000 1682 1032 n:
1711 1000 1853 1049 7401.
1883 999 2199 1049 7444.·7544.
2229 989 2373 1050 7598.

385 1048 445 1113 76
450 1049 530 1112 36,
565 1050 685 1097 diCta
707 1050 756 1097 &
778 1048 944 1096 ostensa
973 1049 1088 1097 sunt.

457 1121 599 1177 8450.
636 1114 776 1163 Vers:
809 1132 879 1178 13.
914 1132 985 1175 14.
1018 1131 1090 1178 15.
1151 1117 1215 1164 Et
1243 1117 1416 1179 fassum
1453 1118 1499 1163 in
1521 1118 1719 1180 Vespera,
1756 1115 1812 1166 Β
1833 1116 2019 1180 ascendit
2042 1117 2186 1180 sclav,
2222 1117 2279 1166 Es?
2301 1117 2374 1165 ob-

383 1185 492 1232 texit
527 1182 699 1241 castra·,
734 1181 789 1230 ΕΒ
824 1183 870 1228 in
908 1192 1077 1230 matuta
1105 1181 1204 1244 fuit
1231 1183 1382 1243 pqfitio
1418 1185 1529 1230 roris
1566 1186 1721 1230 circum
1759 1182 1908 1242 castra.
1982 1185 2046 1231 Et
2077 1183 2195 1242 dcstit
2227 1183 2374 1245 pqfitio

381 1252 510 1307 roris,
544 1250 599 1298 &²
623 1265 709 1296 ecce
719 1249 851 1311 super
861 1247 1001 1310 facies
1030 1248 1182 1311 deserti
1203 1251 1410 1296 minutum
1430 1249 1672 1305 rotundum,
1707 1251 1914 1297 minutum
1931 1248 2051 1308 sicut
2067 1252 2229 1317 pruina
2242 1253 2375 1312 super

383 1328 516 1364 terra.
589 1317 654 1363 Et
676 1314 877 1362 viderunt
887 1314 979 1372 filii
1000 1315 1187 1377 Istwelis,
1222 1314 1277 1362 {9⁹
1310 1314 1508 1362 dixerunt
1543 1318 1619 1362 vir
1649 1314 1709 1362 ad
1726 1315 1920 1376 fratrem
1947 1319 2093 1376 suum,
2129 1318 2246 1363 Man
2277 1316 2371 1373 hoc,

381 1385 481 1448 quia
518 1399 599 1429 non
624 1382 847 1444 sciverunt
886 1380 989 1444 quid
1024 1381 1100 1428 hoc
1117 1399 1133 1428 .·
1171 1381 1226 1429 &3
1248 1379 1361 1427 dixit
1387 1381 1592 1445 Moscheh
1614 1380 1673 1428 ad
1694 1381 1804 1438 illos,
1840 1381 1917 1428 hoc
1942 1384 2088 1442 panis,
2122 1398 2238 1445 quem
2251 1382 2373 1430 dedit

380 1449 584 1514 Jehovczh
606 1449 729 1496 vobis
750 1446 811 1494 ad
830 1447 1037 1495 edendum.
1110 1447 1172 1493 Et
1195 1445 1368 1502 fa&um
1392 1448 1438 1493 in
1461 1446 1657 1511 vespera,
1692 1447 1916 1510 fignificat
1946 1447 2086 1494 finem
2120 1448 2254 1496 status
2273 1466 2285 1496 ε
2322 1450 2374 1496 δε

380 1516 576 1564 ascendit
609 1514 740 1571 sclav,
784 1512 1006 1577 significat
1037 1511 1297 1576 jucundum
1337 1514 1532 1562 naturale
1570 1530 1650 1577 per
1687 1514 1811 1577 quod
1854 1513 2057 1561 bonum:
2111 1515 2161 1561 δε
2198 1514 2377 1566 obtexit

379 1582 534 1638 castra,
571 1581 790 1644 significat
828 1580 956 1643 quod
994 1578 1252 1642 impleverit
1287 1579 1483 1627 hominis
1513 1579 1737 1628 naturale:
1770 1581 1825 1628 ·&
1848 1581 1894 1626 in
1929 1591 2116 1637 matuta,
2150 1579 2375 1643 significat

378 1649 653 1713 principium
679 1647 814 1695 status
836 1647 972 1694 novi:
1009 1646 1096 1694 suit
1116 1645 1278 1708 positio
1306 1647 1418 1693 roris
1434 1646 1614 1694 circum
1638 1644 1790 1704 castra,
1823 1645 2046 1709 significat
2066 1662 2228 1693 verum
2249 1649 2374 1710 pacis

377 1713 628 1779 adjungens
654 1714 721 1761 se:
760 1714 810 1760 &
834 1712 1030 1760 ascendit
1064 1712 1227 1776 positio
1267 1713 1396 1768 roris,
1430 1712 1650 1776 significat
1671 1713 1765 1760 veri
1789 1712 2158 1760 insinuationem:
2195 1714 2243 1761 &
2267 1719 2373 1762 ecce

378 1781 508 1845 super
532 1780 663 1828 facies
685 1779 859 1836 deserti,
895 1778 1118 1843 significat
1140 1794 1316 1826 novum
1345 1778 1681 1827 voluntarium:
1718 1780 1951 1827 minutum
1976 1779 2244 1836 rotundum,
2280 1780 2371 1845 sig-

378 1848 530 1895 nificat
553 1848 726 1895 bonum
749 1847 843 1893 veri
868 1846 912 1892 in
938 1847 1086 1909 prima
1118 1843 1416 1893 formatione:
1454 1847 1686 1898 minutum
1726 1845 1840 1893 sicut
1875 1846 2035 1909 pruina
2073 1845 2203 1909 super
2235 1858 2366 1905 terra,

377 1914 600 1978 significat
622 1929 783 1960 verum
822 1914 867 1959 in
901 1910 1048 1959 forma
1080 1912 1188 1959 boni
1219 1910 1454 1959 consistens
1487 1913 1535 1959 ὅτ
1560 1913 1735 1968 fluens;
1771 1913 1822 1960 &
1844 1912 2057 1959 viderunt
2080 1912 2162 1958 filii
2185 1911 2368 1970 Israelis,

375 1981 593 2044 significat
616 1979 1038 2044 apperceptionem:
1076 1981 1124 2026 &
1148 1978 1358 2025 dixerunt
1384 1980 1451 2024 vir
1473 1978 1530 2026 ad
1563 1977 1745 2026 fratrem
1778 1977 1927 2034 suum,
1961 1978 2184 2041 significat
2214 1979 2376 2027 obstua

373 2046 672 2112 pescentiam:
712 2062 814 2093 nam
853 2045 956 2102 hoc,
993 2046 1098 2108 quia
1136 2060 1230 2092 non
1266 2044 1491 2092 sciverunt
1522 2045 1636 2107 quid
1673 2045 1775 2101 hoc,
1810 2044 2233 2107 significat-exnon
2256 2050 2406 2110 cog·⁸

375 2116 502 2162 nito:
540 2114 588 2161 &
613 2113 726 2160 dixit
751 2112 970 2161 Moscheh
993 2112 1066 2158 ⁴vad
1106 2111 1224 2167 illos,
1258 2111 1480 2174 significat
1511 2110 1877 2159 informationem
1917 2127 1996 2174 per
2034 2127 2195 2158 verum
2234 2128 2260 2159 a
2281 2114 2373 2160 Di·-

374 2181 505 2228 vino:
543 2180 630 2227 hoc
656 2182 796 2242 panis,
832 2194 969 2242 quem
994 2177 1120 2225 dedit
1143 2179 1348 2238 Jehovah
1369 2177 1500 2225 vobis
1524 2178 1578 2225 ad
1603 2178 1850 2233 edendum,
1886 2176 2107 2240 significat
2129 2178 2254 2241 quod
2279 2178 2366 2226 hoc

374 2247 547 2293 bonum
582 2246 708 2310 quod
740 2244 1101 2308 appropriabitur
1122 2245 1170 2291 &
1196 2242 1328 2292 faciet
1349 2245 1490 2291 vitam
1523 2243 1726 2302 illorum,
1761 2246 1807 2291 in
1837 2242 2047 2307 supremo
2081 2243 2204 2291 sensu
2239 2246 2367 2309 quod

373 2314 461 2361 hoc
483 2314 713 2361 Dominus
747 2314 792 2360 in
826 2313 969 2358 vobis.
1322 2330 1324 2332 ·
1706 2328 1709 2331 ·
1741 2347 1748 2352 .
2167 2330 2170 2333 ·
2271 2352 2275 2365 .—

446 2385 588 2442 8451.
626 2379 689 2426 Et
713 2377 880 2425 fadium
905 2379 949 2424 in
975 2376 1172 2440 vespera,
1208 2378 1335 2441 quod
1359 2377 1581 2440 significet
1606 2378 1742 2425 finem
1766 2377 1917 2433 statuS‚
1954 2375 2124 2424 constat
2145 2393 2205 2425 ex
2230 2377 2366 2443 signi·

373 2446 582 2507 ficatione
603 2444 815 2509 vesperae,
851 2444 976 2507 quod
995 2444 1054 2490 sit
1082 2442 1183 2491 finis
1208 2444 1358 2500 status,
1395 2445 1451 2491 de
1473 2460 1563 2508 qua
1584 2443 1712 2508 supra
1736 2460 1794 2492 n:
1823 2444 1965 2497 8426.
2017 2464 2023 2470 “
2134 2487 2137 2489 .
2275 2444 2278 2446 ’

446 2517 538 2574 845
550 2530 588 2561 2.
627 2513 688 2558 Et
713 2510 904 2558 ascendit
930 2509 1060 2566 selav,
1094 2511 1221 2573 quod
1255 2511 1475 2574 significet
1501 2509 1759 2572 jucundum
1797 2510 1990 2557 naturale
2022 2526 2104 2573 per
2135 2511 2261 2574 quod
2286 2511 2366 2558 bo-

373 2595 504 2634 num,
541 2577 712 2626 constat
735 2594 789 2623 ex
814 2578 1133 2639 significatione
1166 2576 1297 2634 sclav,
1334 2577 1459 2640 quod
1484 2576 1536 2623 sit
1552 2574 1812 2639 jucundum
1837 2577 2061 2624 naturale:
2095 2578 2226 2639 quod
2249 2577 2365 2625 sclav

373 2647 426 2693 fit
453 2643 715 2708 jucundum
756 2645 968 2699 naturale,
1005 2643 1068 2688 est
1090 2645 1193 2705 quia
1226 2645 1318 2690 avis
1353 2645 1488 2690 maris
1516 2657 1625 2698 erat,
1661 2644 1710 2690 ὅτ,
1744 2659 1986 2706 per.avem
2030 2645 2170 2690 maris.
2192 2645 2362 2707 fignifi-

371 2725 499 2759 catur
540 2711 750 2766 naturale,
786 2726 954 2772 perque
993 2725 1172 2755 carnem
1214 2708 1323 2772 ejus,
1360 2725 1465 2772 quae
1499 2708 1840 2765 deflueraba'tur,
1870 2707 2148 2771 jucundum,
2183 2710 2239 2757 de
2276 2726 2365 2773 qua

372 2779 502 2842 supra
526 2795 581 2825 n:
613 2783 733 2840 8431
760 2800 773 2831 ·,
809 2776 936 2839 quod
959 2791 1143 2838 quoque
1166 2774 1219 2822 sit
1242 2792 1321 2838 per
1343 2775 1469 2837 quod
1487 2775 1692 2840 pomum,
1730 2775 1792 2822 est
1825 2777 1934 2838 quia
1973 2776 2161 2823 dabatur
2199 2778 2244 2824 in
2286 2793 2363 2822 ve—

371 2847 528 2906 spera,
566 2858 673 2891 cum
711 2845 852 2890 enim.
874 2846 919 2888 in
959 2843 1092 2888 altera
1132 2842 1224 2888 vita
1259 2841 1321 2888 cst
1359 2841 1494 2888 status
1532 2843 1613 2904 qui
1653 2841 1966 2905 correspondet
2005 2842 2215 2904 vesperae',
2252 2856 2362 2889 tunc

372 2908 550 2973 spiritus
589 2911 710 2965 boni,
749 2913 795 2955 δε
820 2925 1003 2971 quoque
1036 2908 1201 2971 angeli,
1237 2909 1530 2957 remittuntur
1569 2909 1619 2954 in·
1656 2908 2144 2965 statumaffectionum
2180 2921 2362 2957 >natura-

371 2979 503 3032 lium,
542 2979 585 3023 in
619 2976 785 3039 quibus
818 2975 998 3021 suerunt
1034 2989 1142 3020 cum
1184 2976 1228 3020 in
1267 2974 1457 3030 mundo,
1492 2973 1818 3037 consequenter<
1846 2976 1890 3020 in
1917 2971 2122 3036 jucunda
2153 2976 2361 3022 naturalis

368 3045 432 3090 sui
457 3044 652 3090 hominis
673 3066 688 3099 3
724 3041 847 3089 causa
870 3042 949 3097 est,
975 3055 1025 3087 ut
1050 3041 1161 3087 inde,
1179 3041 1368 3095 bonum,
1395 3040 1480 3087 hoc
1504 3041 1582 3098 est,
1609 3053 1661 3087 ut
1685 3041 1788 3087 inde
1812 3041 2113 3103 perficiantur,
2136 3057 2186 3087 n:
2212 3046 2357 3099 84263

366 3125 523 3156 omnes
549 3109 840 3172 perfic'mntur
864 3123 941 3170 per
966 3106 1351 3169 implantationem
1387 3107 1493 3154 fidei
1524 3107 1573 3154 Sc
1605 3106 1825 3168 charitatis
1858 3109 1903 3153 in
1927 3119 2112 3152 externo
2135 3106 2206 3153 seu
2231 3121 2358 3154 natu-

367 3176 443 3223 rali
469 3176 670 3231 homine,
706 3191 809 3222 narn
853 3174 931 3220 nisi
972 3173 1045 3219 illa
1081 3173 1144 3220 ibi
1185 3173 1522 3237 implantantur‚
1547 3189 1650 3220 non
1687 3173 1871 3219 influere
1909 3171 2054 3235 potest
2077 3172 2266 3220 bonum
2306 3174 2357 3226 &

252 3241 275 3261 '''
317 3291 324 3299 ,
352 3235 514 3290 iterum
553 3242 607 3289 ab
644 3235 818 3290 interire
857 3239 929 3292 seu
968 3238 1183 3305 spirituali
1225 3239 1441 3300 homine,-.
1465 3239 1551 3287 hoc
1576 3237 1657 3297 est,
1687 3255 1718 3286 -a
1740 3239 1947 3287 Domino
1977 3238 2228 3302 perillum,
2266 3258 2380 3288 non=

2234 3323 2358 3355 enini
