2644 3796
1279 0 1324 37 ·X

327 289 409 336 10
889 265 956 336 E
1043 264 1128 337 X
1210 266 1271 334 ’0
1363 268 1437 334 D
1531 267 1603 333 U
1686 267 1752 333 S.
1820 323 1834 339 ,

326 398 433 462 quia
453 392 645 444 eduxisti
668 408 769 453 nOS,
804 392 1026 458 significat
1057 394 1184 458 quod
1215 394 1455 458 postquam
1485 395 1685 443 liberati:
1723 393 1778 442 ad
1801 392 2027 443 defi-ertum
2049 395 2155 455 hoc,
2189 397 2325 463 figni-

328 465 437 512 ficat
459 462 948 511 statum‘tentationurn
969 480 980 509 ε
1016 461 1072 510 ad
1095 461 1401 509 occidendum
1424 476 1612 509 ornnem
1636 462 2036 525 congregationem
2061 464 2171 513 hanc
2188 463 2327 523 fame,

332 530 554 596 significat
578 529 705 593 quod
727 544 782 576 ex
805 526 984 576 defectu
1007 526 1196 589 iucundi
1220 529 1268 576 ὅτ
1293 527 1400 575 boni
1423 527 1703 592 exspirarent.
2283 553 2285 556 ·

403 602 497 657 840
502 614 545 661 3·
581 597 646 644 Et
668 594 1009 643 murmurabant
1033 595 1183 641 omnis
1206 606 1347 642 caetus
1371 594 1572 642 filiorum
1588 593 1769 651 Israelis,
1804 595 1930 658 quod
1955 595 2174 660 significet
2198 598 2330 646 indo·-

274 674 278 677 “
332 664 518 712 lentiam
554 664 603 711 ὅτ
635 663 964 726 querirnoniarn
1003 673 1190 725 propter
1220 662 1475 709 tentationis
1515 663 1800 724 gravitatem,
1837 661 2007 709 constat
2028 679 2084 709 ex
2107 663 2329 728 significa·

333 732 454 778 tione
479 744 777 786 murmurare,
813 727 939 791 quod
965 727 1018 773 sit
1039 726 1286 775 indolentia
1306 743 1362 774 ex
1385 728 1639 775 tentationis
1662 728 1915 784 acerbitate,
1954 729 2003 776 ὅτ
2027 732 2331 798 querimonia,

331 797 389 845 de
410 812 501 860 qua
523 813 578 843 n:
609 800 769 859 8351;
806 807 947 842 caetus
985 793 1186 842 filiorum
1221 792 1387 841 Israelis
1424 793 1526 841 sunt
1563 795 1645 857 qui
1682 794 1737 841 ab
1770 794 1972 842 Ecclesia
2010 793 2240 858 spirituali,
2278 809 2334 845 ut

332 863 462 926 supra
485 879 545 910 n:
574 866 597 910 8
607 867 716 926 398.
787 861 960 925 Agitur
998 860 1072 907 hic
1113 860 1169 906 de
1205 860 1334 907 tertia
1356 860 1642 917 Tentatione,
1679 876 1784 924 quae
1807 859 1871 907 est
1893 866 2078 924 propter
2101 861 2331 912 descitum

324 928 520 995 jucundi
540 929 588 975 ὅτ
614 927 738 984 boni,
774 930 881 990 quae
902 928 1089 974 tentatio
1113 926 1307 973 succedit
1329 928 1468 989 priori
1491 929 1538 974 in
1562 925 1683 984 serie,
1719 942 1825 990 quae
1849 925 1935 974 fuit
1961 939 2146 991 propter
2179 928 2330 977 defec-

333 1010 434 1044 tum
458 994 567 1042 veri.
638 995 735 1055 Qui
760 1009 850 1040 non
876 991 1087 1052 instruffi*
1102 992 1203 1039 sunt
1233 993 1290 1039 de
1314 994 1672 1056 Regeneratione
1693 993 1908 1052 hominis,
1943 1006 2180 1042 autumant
2203 995 2333 1059 quod

331 1062 473 1109 honio
507 1061 753 1124 regenerari
793 1071 928 1122 queat
965 1058 1126 1122 absque
1165 1059 1424 1116 tentatione,
1473 1063 1522 1109 ὅτ
1559 1059 1747 1122 quidam
1787 1060 1912 1122 quod
1955 1073 2236 1123 regeneratus
2277 1063 2334 1111 stt

331 1128 515 1193 quando
555 1143 692 1174 unam
730 1127 1022 1173 tentationem
1065 1124 1288 1181 subierat;
1325 1123 1400 1172 sed
1436 1124 1684 1183 sciendum,
1721 1125 1846 1189 quod
1885 1125 2048 1190 absque
2087 1129 2331 1176 tentatione
2378 1152 2381 1153 ⁷

331 1194 482 1242 nullus
516 1204 812 1257 regeneretur,
848 1192 898 1239 &
920 1191 1046 1255 quod
1080 1190 1229 1256 plures
1263 1192 1528 1239 tentationes
1568 1190 1806 1239 succedant
1843 1207 1932 1240 una
1970 1192 2072 1255 post
2107 1194 2291 1243 alteram
2315 1218 2334 1251 ·,

333 1260 457 1308 causa
479 1259 560 1317 est,
593 1260 700 1324 quia
721 1259 1001 1323 regeneratio
1034 1257 1088 1305 fit
1117 1257 1178 1305 ob
1202 1258 1358 1314 finem,
1395 1259 1564 1305 ut·vita
1585 1259 1746 1305 veteris
1779 1257 1977 1306 hominis
2012 1260 2333 1319 moriatur,'&

292 1347 298 1356 1
332 1328 426 1374 vita
459 1342 576 1384 nova
599 1342 705 1389 quae
728 1324 920 1372 coelestis
944 1324 1190 1372 insinuetur
1210 1346 1224 1380 ;
1252 1323 1366 1371 inde
1390 1323 1586 1372 constare
1617 1323 1779 1387 potest,
1814 1325 1941 1388 quod
1964 1326 2153 1373 omnino
2174 1343 2335 1392 pugna

331 1396 447 1450 erit,
482 1394 578 1441 vita
599 1394 722 1439 enim
745 1392 906 1439 veteris
933 1390 1131 1438 hominis
1153 1389 1323 1447 resistit,
1359 1406 1442 1438 nec
1466 1390 1566 1438 vult
1588 1390 1827 1454 exstingui,
1863 1391 1914 1438 ὅτ
1937 1391 2029 1438 vita
2050 1393 2159 1443 novi
2183 1394 2332 1442 homi-

333 1461 402 1507 nis
441 1475 532 1507 non
571 1459 715 1523 potest
754 1459 935 1515 intrare,
969 1457 1050 1504 nisi
1080 1457 1158 1505 ubi
1195 1458 1290 1504 vita
1316 1457 1478 1504 veteris
1511 1456 1729 1504 exstinCta
1761 1456 1858 1513 est;
1894 1457 1999 1504 inde
2027 1470 2170 1521 patet,
2203 1461 2333 1524 quod

331 1527 543 1591 utrinque
584 1541 740 1589 pugna
772 1524 845 1581 sit,
880 1526 928 1572 &
953 1524 1128 1581 ardens,
1163 1523 1268 1588 quia
1290 1539 1375 1587 pro
1397 1523 1517 1571 vita:
1553 1524 1632 1587 qui
1654 1540 1710 1572 ex
1731 1523 1933 1572 rationali
1955 1523 2175 1574 illustrato
2191 1528 2334 1592 ³¹mgi-

332 1606 414 1650 tat,
451 1593 554 1640 inde
587 1591 731 1655 potest
759 1591 913 1638 videre
942 1592 995 1639 ὅτ
1028 1591 1272 1654 percipere,
1307 1589 1435 1653 quod
1471 1591 1722 1654 regenerari
1761 1602 1952 1655 nequeat
1982 1590 2132 1639 homo
2169 1590 2337 1658 absque

331 1676 504 1723 pugna,
542 1659 626 1706 hoc
649 1657 728 1715 est,
763 1656 926 1721 absque
945 1658 1193 1705 tentatione
1216 1656 1461 1720 spirituali;
1494 1668 1599 1704 turn
1623 1673 1825 1721 quoque,
1858 1656 1986 1721 quod
2018 1668 2116 1705 non
2149 1675 2333 1723 regene-

333 1739 455 1774 retur
478 1742 556 1789 per
585 1742 720 1772 unam
737 1726 1057 1781 tentationem,
1092 1722 1166 1771 sed
1190 1738 1270 1787 per
1292 1723 1441 1786 plures
1465 1745 1494 1779 ;-
1514 1722 1616 1770 sunt
1638 1725 1759 1771 enim
1784 1724 1992 1788 perplura
2016 1739 2179 1788 genera
2203 1727 2334 1785 mali,

331 1808 438 1856 quae
469 1792 732 1857 jucundum
775 1791 883 1838 vitae
920 1791 1098 1855 prioris,
1134 1790 1221 1837 hoc
1259 1789 1340 1846 est,
1375 1791 1518 1838 vitam
1557 1801 1756 1839 veterem
1796 1789 2031 1847 fecerunt3
2067 1793 2222 1841 omnia
2258 1793 2337 1842 illa.

327 1859 450 1908 ,mala
490 1876 581 1906 non
619 1858 800 1922 possunt
837 1857 971 1905 semel
1000 1857 1055 1905 ὅτ
1088 1856 1222 1904 simul
1255 1857 1449 1914 domari,
1485 1856 1704 1905 inhaerent
1736 1858 1858 1905 enirn
1891 1859 2187 1921 pertinaciter,
2224 1875 2332 1908 nam-

327 1926 561 1973 irradicata
599 1925 700 1972 sunt
733 1924 988 1989 parentibus
1024 1940 1050 1971 a
1086 1923 1242 1971 multis
1277 1935 1396 1971 retro
1431 1922 1620 1981 saeculis,
1655 1927 1705 1973 ὅτ
1732 1925 1842 1972 inde
1872 1926 2020 1972 innata
2047 1926 2245 1984 homini,
2280 1927 2331 1975 ὅτ

328 1992 594 2040 confirmata
633 2007 712 2055 per
748 1990 941 2039 oCtualia
978 1990 1094 2038 mala
1123 2005 1185 2037 ex
1216 1989 1354 2037 semet
1393 1989 1449 2038 ab
1481 1990 1707 2047 infantia3
1733 1990 1842 2039 ‘haec
1882 1991 1998 2039 mala
2037 1994 2199 2040 mutua
2229 1991 2331 2042 sunt

300 2095 302 2097 >
327 2075 355 2106 e
386 2059 605 2107 diametro
637 2058 840 2122 opposita
879 2057 1001 2105 bono
1037 2056 1226 2115 coelesti,
1261 2057 1389 2120 quod
1413 2056 1747 2116 insinuandum,
1784 2059 1832 2107 ὅτ
1856 2057 1984 2122 quod
2023 2057 2157 2108 facie-t
2187 2061 2330 2110 vitam

329 2141 520 2173 novum.
1656 2162 1658 2164 .
2307 2164 2309 2166 .

402 2196 543 2252 8404.
580 2193 750 2242 Contra
773 2189 994 2238 Moschen
1021 2191 1070 2238 ὅτ
1090 2201 1250 2237 contra
1272 2191 1558 2248 Aharonem,
1586 2191 1718 2254 quod
1751 2189 1971 2252 significet
1993 2190 2172 2240 Verum
2193 2194 2329 2242 Divi-

331 2274 461 2314 num,
496 2257 667 2305 constat
703 2273 765 2304 ex
803 2257 1184 2320 repraesentatione
1208 2257 1429 2314 Moschis,
1463 2257 1605 2320 quod'
1635 2257 1687 2304 sit
1710 2258 1885 2304 Verum
1915 2258 2137 2306 Divinum
2165 2262 2330 2308 imme-

329 2325 446 2372 diate
485 2340 511 2371 a
545 2325 751 2371 Domino
789 2324 1052 2387 prooqgiens,
1104 2325 1164 2369 ita
1204 2324 1449 2381 internum,
1494 2325 1544 2371 ὅτ
1578 2340 1637 2370 ex
1676 2323 2060 2387 repraesentatione
2089 2326 2329 2384 Ahar-onis,

330 2391 454 2455 quod
502 2391 556 2439 fit
589 2392 763 2438 Verum
804 2407 829 2437 a
867 2392 1074 2437 Domino
1115 2390 1309 2438 mediate
1347 2389 1617 2454 procedens,
1664 2391 1731 2437 ita
1766 2404 2020 2447 externum,
2070 2386 2127 2439 de
2159 2394 2332 2456 qai-ibus
2398 2408 2402 2412 ·

330 2475 390 2505 n:
421 2473 565 2523 7009.
595 2461 738 2522 7089.
768 2461 910 2520 7382.

403 2529 544 2587 8405.
580 2524 634 2571 In
674 2522 864 2587 deserto,
898 2523 1025 2586 quod
1063 2522 1285 2586 significet
1320 2522 1485 2569 statum
1524 2523 1802 2579 tentationis,
1850 2522 2020 2570 constat
2060 2539 2116 2572 ex
2157 2525 2328 2590 signifi-

328 2592 503 2638 catione
549 2589 725 2647 deserti,
779 2590 908 2654 quod
953 2590 1006 2637 sit
1051 2588 1186 2638 status
1233 2589 1454 2661 subeuntli
1497 2591 1786 2647 tentationeS,
1841 2590 1897 2637 de
1943 2606 2034 2653 qua
2079 2609 2137 2640 n:
2179 2590 2327 2644 6828.

339 2662 400 2706 80
439 2661 480 2706 8.
1405 2699 1408 2702 Α
2235 2687 2237 2689 -
2260 2701 2264 2704 ,

403 2676 543 2783 3406.
581 2723 644 2770 Et
679 2723 889 2770 dixerunt
925 2723 981 2770 ad
1022 2722 1120 2770 illos
1160 2723 1246 2770 filii
1271 2722 1451 2779 Israelis,
1487 2721 1614 2785 quod
1655 2722 1876 2786 significet
1915 2726 2238 2787 cogitationem
2269 2741 2330 2773 ex

330 2791 564 2845 anxietate,
602 2789 773 2837 constat
804 2805 858 2836 ex
891 2789 1213 2851 significatione
1243 2789 1407 2845 dicere,
1444 2804 1552 2835 cum
1576 2789 1633 2836 de
1662 2789 1828 2836 talibus.
1856 2806 1962 2853 quae
1997 2800 2198 2839 mentem
2231 2793 2329 2839 affi-

333 2858 474 2912 ciunt,
510 2856 636 2919 quod
676 2857 729 2903 sit
765 2857 999 2919 cogitatio,
1036 2868 1087 2902 ut
1111 2871 1293 2919 quoque
1318 2871 1378 2904 n:
1408 2874 1432 2919 3
1441 2872 1555 2920 395.·
1581 2870 1723 2923 7094.
1754 2871 1898 2920 7244.
1927 2873 2089 2924 79373
2125 2860 2329 2922 quod'fit

331 2938 386 2969 ex
409 2924 626 2969 anxietate
650 2935 786 2985 patet,
822 2925 928 2986 quia
952 2923 997 2969 in
1021 2924 1283 2970 tentatione.
1428 2927 1435 2950 ⁹
1515 2939 1525 2942 ·
2170 2942 2175 2963 2

403 2994 543 3053 8407.
583 2989 702 3054 Qis
727 2989 850 3036 dabit
884 2989 1051 3036 mortui
1083 2987 1314 3036 fuissemus
1348 3002 1486 3035 manu
1510 2988 1701 3050 jehovae
1739 2991 1933 3036 in.terra
1949 2990 2164 3054 AEgypti,
2197 2993 2327 3055 quod

333 3055 551 3119 significet
584 3056 710 3117 quod
743 3054 994 3119 praestiterit
1028 3055 1203 3102 relictos
1229 3053 1646 3117 suiffeaDomino
1669 3071 1776 3101 cum
1802 3067 1924 3102 erant
1947 3056 1993 3102 iri
2017 3057 2129 3104 statu
2155 3058 2329 3106 infesta-

334 3126 528 3177 tionum,
566 3122 735 3171 constat
767 3138 822 3168 ex
852 3122 1175 3184 significatione
1199 3124 1299 3185 quis
1325 3120 1468 3177 dabit,
1503 3122 1630 3183 quod
1660 3121 1712 3167 sit
1748 3123 1906 3169 melius
1939 3120 2080 3179 fuiffe,
2119 3124 2189 3183 seu
2214 3141 2334 3188 prae-

331 3188 496 3243 stitifl'e,
533 3204 588 3234 ex
626 3188 946 3250 significatione
983 3189 1156 3235 ‘mortui
1192 3188 1275 3235 efl'e
1308 3203 1445 3234 manu
1469 3188 1679 3249 Jeliovae,
1714 3187 1840 3250 quod
1872 3188 1925 3235 sit
1948 3202 1999 3235 ut
2023 3190 2210 3238 relisti‘a
2232 3192 2331 3238 Do-

330 3256 474 3312 mino,
509 3270 589 3319 per
613 3268 848 3304 mortuum
883 3254 965 3303 efle
999 3256 1049 3302 in
1081 3254 1203 3303 sensu
1242 3253 1459 3320 spirituali
1492 3254 1836 3320 significatur-in
1859 3255 1988 3306 malis
2009 3257 2061 3304 &
2087 3255 2333 3307 i-'nde‘salfis

2239 3326 2341 3386 effe,
