2722 3684
410 183 546 259 *136
823 176 939 252 lE'
1047 173 1123 249 X
1256 183 1313 251 0
1450 170 1521 256 D
1639 183 1737 254 'U
1861 182 1928 255 S.

289 332 296 340 -
332 340 347 349 .
406 300 579 354 tionem
606 302 786 352 illorum
810 305 891 370 qui
915 307 1129 371 primario
1154 309 1199 356 in
1216 309 1512 374 intelligentia
1525 311 1638 369 veri,
1673 311 1842 359 constat
1863 326 1922 358 ex
1940 306 2267 373 significatione
2285 314 2368 360 v0.'

404 379 502 413 care
526 367 580 414 ad
607 369 666 427 se,
702 373 826 434 quod
852 373 903 419 sit
925 374 1086 421 ‘elefflo
1104 396 1120 429 ·,
1157 377 1205 423 &
1231 391 1289 422 ex
1313 376 1639 438 significatione
1663 376 1891 423 seniorum
1915 374 2097 440 populi,
2131 376 2258 437 quod
2276 375 2374 424 first

406 433 487 507 qui
508 434 722 496 primario
741 439 785 484 in
813 436 1102 501 intelligentia
1124 442 1217 487 veri
1238 439 1356 496 sunt,
1392 443 1441 488 δε
1465 441 1510 486 in
1535 441 1657 488 sensu
1682 459 1707 489 a
1731 442 1917 505 persona
1933 439 2167 496 abstracto,
2203 441 2374 503 p‘rima-

405 511 470 546 ria
495 515 612 556 vera,
646 503 704 547 de
727 519 815 565 qua
839 520 897 549 n:
937 505 1079 566 6523.
1107 506 1250 566 6525.
1277 506 1423 566 6890.
1451 508 1592 568 8178.
1621 509 1763 568 8585.
1832 506 1954 553 Cum
1978 503 2046 551 his
2070 505 2132 551 ita
2155 502 2197 552 se
2219 506 2374 562 habet,

407 565 485 626 qui
507 565 550 611 in
572 567 689 613 bono
713 568 810 615 sunt
836 570 1036 616 nondum
1071 568 1266 616 formato
1302 586 1381 632 per
1398 586 1520 627 vera,
1557 572 1614 619 de
1633 587 1734 635 quo
1754 572 1876 619 bono
1900 571 1945 619 in
1969 570 2058 616 hoc
2076 569 2237 633 Capite
2272 572 2372 632 agi-

407 643 496 686 tur,
535 631 645 678 illia
668 633 873 679 Domino
899 634 1102 695 primum
1137 635 1386 682 formantur
1411 651 1487 697 per
1509 637 1720 699 primaria
1753 652 1876 693 vera,
1909 636 1996 682 hoc
2039 635 2118 690 est,
2154 650 2234 697 per
2268 652 2371 683 vera

408 699 682 751 communia,
720 698 762 743 in
786 698 946 760 quibus
966 699 1014 745 ὅτ
1038 713 1062 744 a
1084 700 1249 761 quibus
1273 700 1480 763 reliqua;
1533 702 1742 764 primaria
1779 717 1883 748 vera
1919 701 2036 755 sunt,
2088 701 2211 762 quod
2246 702 2370 750 Deus

407 777 523 807 unus
546 762 613 815 sit,
649 762 774 823 quod
801 763 1029 810 Dominus
1052 777 1180 810 natus
1207 765 1267 812 sit
1305 765 1442 811 homo
1465 776 1518 817 ut
1541 766 1730 812 salvaret
1758 780 1898 828 genus
1932 765 2201 826 humanum,
2239 767 2368 829 quod

408 826 578 872 coelum
605 826 657 871 fit
682 827 728 873 δε
754 827 879 890 quod
904 828 1128 875 infernum
1150 850 1163 883 ;
1200 829 1330 893 quod‘
1351 832 1396 877 in
1421 831 1592 877 coelum
1612 831 1795 877 veniant
1818 831 1900 894 qui
1925 829 2037 876 bene
2054 828 2284 886 vixerunt,-
2316 832 2369 879 &

409 886 454 935 in
481 885 704 936 infernum
729 894 808 954 qui
835 893 966 949 male,
1004 906 1100 941 tum
1125 897 1249 958 quod
1272 910 1400 942 amor
1417 896 1460 942 in
1482 897 1637 943 Deum
1661 897 1710 943 &
1729 911 1856 943 amor
1877 909 1981 956 erga
2001 892 2264 956 proximum
2283 894 2372 942 sint

406 967 646 1018 praecepta,
682 972 706 1002 a
729 958 893 1017 quibus
918 959 1116 1020 pendent
1138 961 1326 1022 reliqua,
1361 962 1407 1007 ὅτ
1440 961 1562 1024 quod
1585 976 1712 1009 amor
1735 960 1808 1007 ille
1831 961 1926 1007 dari
1949 970 2141 1020 nequeat
2176 958 2255 1005 nisi
2273 972 2372 1022 sper

409 1020 546 1067 fidem
567 1041 581 1074 3
619 1021 715 1068 haec
738 1024 787 1070 δε
822 1023 981 1070 similia
1007 1023 1107 1070 sunt
1131 1027 1339 1087 primaria
1364 1041 1481 1082 vera,
1515 1042 1622 1089 quae
1644 1042 1668 1072 a
1687 1025 1894 1072 Domino
1918 1024 2120 1087 primum
2147 1022 2373 1072 insinuan-

408 1095 481 1131 tur
506 1087 625 1134 bono
649 1088 766 1149 apud
794 1088 1028 1136 hominem
1052 1090 1127 1152 qui
1166 1103 1453 1151 regeneratur
1474 1111 1490 1144 ς
1526 1092 1626 1139 haec
1656 1106 1762 1138 vera
1783 1106 1884 1138 cum
1921 1089 2134 1137 insinuata
2167 1087 2285 1144 sunt,
2320 1090 2372 1138 &

407 1149 522 1197 facta
548 1154 675 1216 boni,
708 1167 814 1200 tunc
832 1154 987 1216 reliqui
1016 1155 1309 1210 infinuantur,
1344 1157 1392 1203 &
1427 1157 1471 1203 in
1501 1157 1822 1203 communibus
1845 1155 1930 1201 illis
1954 1154 2022 1202 se'u
2046 1152 2284 1215 primariis,
2319 1170 2372 1201 ac

408 1215 490 1262 sub
507 1218 594 1264 illis
611 1218 872 1266 ordinantur
892 1219 1132 1267 secundum
1157 1219 1352 1279 formam
1376 1220 1627 1277 coelestem,
1663 1223 1713 1268 &
1737 1221 1792 1267 fic
1815 1235 1894 1284 per
1912 1218 2077 1281 gradus
2099 1216 2282 1276 faciunt,
2317 1231 2373 1267 ut

407 1283 453 1328 in
475 1283 659 1330 homine
685 1284 760 1330 illo
784 1286 835 1336 fit
854 1285 944 1332 vita
966 1285 1092 1341 coeli,
1129 1286 1179 1331 &
1203 1285 1237 1331 is
1259 1285 1382 1348 quasi
1405 1285 1573 1333 coelum
1599 1285 1643 1331 in
1668 1300 1806 1347 parva
1832 1285 2026 1347 imagine
2045 1303 2061 1336 ·,
2094 1282 2182 1328 hoc
2204 1283 2282 1339 est,
2317 1297 2372 1332 ut

408 1350 561 1395 omnia
581 1364 686 1412 quae
711 1352 808 1396 sunt
828 1350 1077 1396 intelledtus
1093 1351 1142 1397 &
1160 1365 1266 1413 quae
1288 1349 1385 1397 sunt
1409 1350 1652 1396 voluntatis
1674 1349 1798 1413 apud
1822 1349 1953 1396 illum
1973 1347 2018 1394 in
2035 1347 2373 1398 consociatione

412 1412 496 1460 sint
518 1429 621 1460 cum
648 1418 776 1462 bonis
800 1417 846 1461 δε
873 1416 986 1461 veris
1009 1415 1129 1477 apud
1154 1415 1352 1478 angelos,
1389 1415 1451 1462 ita
1473 1430 1578 1462 cum
1602 1415 1784 1478 angelis.

477 1484 619 1542 8774.
658 1480 722 1526 Et
746 1480 893 1541 posuit
916 1495 1063 1527 coram
1097 1479 1185 1527 illis
1215 1480 1371 1527 omnia
1407 1481 1544 1527 verba
1581 1480 1673 1537 illa,
1711 1478 1837 1544 quod
1862 1478 2083 1539 significet
2107 1478 2373 1541 propofitio·

412 1558 514 1591 nem
541 1561 642 1592 cnm
671 1545 860 1601 influxu,
899 1545 1070 1592 constat
1096 1561 1152 1592 ex
1172 1545 1495 1608 significatione
1520 1559 1688 1607 ponere
1700 1560 1851 1592 coram
1871 1544 1959 1591 illis
1984 1542 2135 1599 verba,
2170 1544 2294 1606 quod
2319 1544 2374 1592 sit

409 1612 656 1675 =propositio
680 1633 692 1665 ;
729 1611 852 1675 quod
876 1611 929 1658 fit
951 1625 1056 1658 cum
1081 1611 1275 1667 influxu,
1309 1610 1373 1658 est
1386 1611 1495 1674 quia
1519 1625 1597 1675 per
1619 1610 1762 1675 loqui,
1797 1624 1902 1657 cum
1924 1623 1949 1654 a
1969 1608 2164 1665 Divino,
2199 1607 2372 1672 fignifi-

408 1690 531 1723 catur
559 1679 773 1733 influxuS,
811 1688 858 1724 ut
883 1676 1013 1738 supra
1039 1692 1098 1724 n:
1127 1680 1268 1740 8772.
1788 1674 1790 1676 ’

479 1745 618 1802 8775.
658 1744 782 1805 Qae
807 1742 1021 1805 praecepit
1046 1741 1108 1792 illi
1125 1742 1353 1804 Jehovah,
1389 1741 1514 1806 quod
1541 1741 1758 1805 significet
1778 1755 1835 1788 ex
1857 1738 2052 1796 Divino,
2087 1737 2257 1787 constat
2278 1737 2374 1794 abs·

409 1823 496 1871 que
521 1810 830 1869 explicatione.
2123 1838 2126 1839 ν

479 1879 537 1937 87
577 1875 620 1920 6.
660 1874 722 1920 Et
739 1871 1059 1935 responderunt
1082 1873 1232 1921 omnis
1256 1873 1467 1936 populuS,
1501 1872 1626 1937 quod
1658 1870 1882 1933 {ignis-'icet‘
1909 1869 2232 1934 receptionem,
2266 1883 2372 1914 con·

410 1937 493 1986 stat
515 1954 568 1985 ex
591 1938 910 2000 significatione
931 1939 1211 2003 respondere,
1245 1939 1371 2002 quod
1402 1939 1454 1985 sit
1484 1937 1700 2000 receptio,
1735 1952 1841 1984 cum
1876 1937 2004 1999 loqui
2041 1937 2174 1990 verba
2206 1934 2269 1981 est
2307 1933 2374 1979 in-

411 1998 560 2051 fluxus
586 2021 639 2051 n:
669 2009 824 2067 87723
866 2005 988 2068 quod
1014 2005 1276 2067 respondere
1300 2004 1434 2051 etiam
1459 2002 1566 2051 alibi
1594 2003 1645 2050 fit
1669 2001 1883 2066 receptio,
1908 2004 2110 2048 videatur
2133 2016 2161 2047 n
2182 2015 2194 2044 :
2222 2013 2366 2063 2941.

415 2083 556 2133 2957,
595 2086 697 2117 nam
717 2071 778 2116 est
803 2073 1081 2133 reciprocum
1105 2070 1317 2125 influxus,
1353 2085 1411 2115 n:
1440 2085 1581 2132 2919.
1600 2069 1743 2130 4096.
1766 2071 1909 2130 8340.

425 2194 428 2197 ·
481 2141 621 2198 8777.
662 2132 724 2183 Et
742 2136 952 2182 dixerunt
968 2151 1104 2182 omne
1118 2137 1244 2199 quod
1271 2136 1482 2197 loquutus
1497 2133 1706 2195 Jehovah
1728 2131 1960 2188 faciemus,
1995 2130 2121 2195 quod
2150 2127 2375 2190 significet

412 2196 653 2248 secundum
675 2200 903 2248 influxum-
917 2217 940 2247 a
958 2201 1147 2256 Divino,
1163 2200 1334 2247 constat
1350 2215 1407 2246 ex
1426 2199 1750 2260 significatione
1771 2198 1910 2243 facere
1937 2199 2047 2258 ficut
2070 2196 2278 2258 loquutus
2292 2194 2372 2256 Je-

412 2267 579 2319 hovah,
616 2267 739 2330 quod
765 2265 815 2314 sit
840 2264 1079 2313 secundum
1106 2267 1328 2315 influxum
1352 2280 1378 2311 a
1403 2263 1599 2320 Divino,
1634 2277 1737 2310 narn
1759 2277 1837 2325 per
1861 2261 1990 2325 loqui
2024 2259 2376 2323 fignificaturin-

413 2332 580 2389 fluxus,
619 2348 644 2378 n
668 2349 676 2377 :
707 2336 849 2395 8771,
886 2333 933 2379 ὅτ
960 2347 1037 2392 per
1060 2331 1285 2390 Jehovam
1310 2331 1552 2376 Divinum.
2274 2335 2293 2339 N

478 2401 616 2459 8778
661 2397 722 2444 Et
746 2398 897 2444 retulit
932 2396 1156 2444 Moscheh
1181 2398 1313 2442 verba
1336 2394 1494 2458 populi
1516 2394 1571 2457 ad
1596 2393 1845 2456 Jehovam,
1883 2390 2010 2454 quod
2034 2388 2254 2451 fignificet
2276 2402 2373 2434 cor-

411 2464 767 2525 respon-dentiam
792 2465 838 2510 &
863 2462 1245 2525 conjunctionem,
1280 2461 1447 2507 constat
1466 2475 1524 2507 ex
1542 2459 1866 2523 significatione
1886 2456 2044 2502 referre
2065 2455 2202 2500 verba
2224 2453 2279 2499 ad
2293 2454 2375 2514 Je-

410 2530 596 2589 hovam,
652 2529 774 2592 quod
801 2530 852 2577 sit
870 2528 1259 2590 correspondentia
1281 2527 1450 2574 &inde
1473 2524 1766 2581 coniunssi03
1801 2523 1951 2584 agitur
1976 2520 2098 2566 enim
2120 2519 2177 2565 de
2205 2517 2372 2566 faedere

410 2597 536 2659 quod
570 2596 862 2655 pangendum
886 2595 947 2641 est
971 2611 1076 2642 curn
1101 2594 1289 2655 populo,
1329 2593 1378 2639 δε
1401 2591 1506 2655 quia
1530 2590 1692 2638 faedera
1717 2602 1973 2652 panguntur
2007 2601 2087 2648 per
2108 2583 2372 2631 consensum

411 2662 637 2723 utrinque,
674 2661 776 2706 ideo
798 2661 852 2706 ad
878 2659 1009 2706 instar
1042 2659 1133 2721 ejus
1169 2659 1221 2704 fit
1246 2659 1334 2712 hic,
1368 2659 1490 2717 quod
1520 2671 1684 2718 nempe
1703 2652 1914 2716 Jehovah
1940 2662 2180 2714 proponat,
2215 2648 2266 2696 &
2289 2662 2373 2722 po-

413 2726 544 2790 pulus
571 2724 845 2787 respondeat,
885 2725 956 2770 hic
980 2740 1059 2783 per
1084 2723 1323 2777 Mosc‘hen,
1360 2737 1439 2784 per
1463 2737 1602 2785 quem
1621 2720 1971 2788 ⁴repraesentatur
1988 2716 2167 2781 Verum
2189 2728 2215 2760 a
2236 2712 2376 2758 D1v1-

415 2809 476 2840 no
493 2787 785 2849 coniunctum
811 2791 934 2836 Vero
961 2790 1135 2836 Divino
1159 2790 1203 2834 in
1229 2787 1366 2842 coe10,
1401 2799 1462 2832 n·:
1489 2786 1634 2849 8760,
1668 2784 1795 2848 quod
1821 2783 2024 2831 medians
2048 2780 2111 2827 est
2131 2799 2147 2832 ς
2183 2776 2257 2850 sed
2281 2791 2374 2823 non

414 2846 625 2921 pangitur
650 2855 796 2902 foet'us
818 2871 920 2901 cum
950 2854 1132 2901 homine
1155 2854 1284 2900 aliter
1306 2868 1442 2916 quam
1470 2867 1549 2915 per
1572 2852 1877 2912 receptionem
1902 2847 2096 2894 influxus
2118 2857 2212 2916 veri
2237 2857 2262 2887 a
2283 2841 2374 2915 Di·-

411 2924 539 2977 vino,
576 2922 622 2967 &
645 2935 749 2968 tunc
776 2937 851 2983 per
864 2920 1319 2982 correspondentiam,
1356 2918 1580 2981 superiora
1603 2917 1726 2963 enim
1749 2932 1856 2963 curn
1881 2913 2075 2959 influunt
2091 2910 2137 2956 in
2163 2905 2376 2954 inferiora

413 3005 504 3035 non
544 2987 666 3034 aliter
697 2985 987 3048 ricipiuntur:
1038 2986 1147 3048 quid
1174 2983 1563 3046 correspondentia
1586 2983 1635 3029 &
1659 2982 1858 3043 receptio
1891 2992 1968 3040 per
1999 2975 2141 3029 illam,
2175 2971 2375 3046 constare

413 3052 560 3118 petest
583 3069 636 3099 ex
663 3051 743 3098 illis
768 3067 872 3113 quae
907 3051 962 3097 ad
987 3051 1123 3096 finem
1147 3050 1344 3113 plurium
1371 3047 1588 3111 Capitum
1625 3047 1679 3091 de
1721 3039 2126 3104 Correspondentia
2163 3053 2375 3085 omnium

412 3133 516 3182 quae
533 3118 653 3180 apud
677 3117 911 3166 hominem
937 3131 1044 3163 cum
1071 3115 1155 3163 illis
1176 3130 1281 3178 quae
1304 3117 1350 3163 in
1373 3113 1496 3162 coelo
1519 3111 1686 3160 ostensa
1710 3112 1811 3160 sunt
1830 3130 1845 3165 3
1879 3109 1926 3156 &
1951 3120 2134 3170 quoque
2157 3102 2373 3216 ibioqprpitsi
