2722 3684
393 197 527 261 106
654 261 658 263 ,
854 179 1171 253 ἸΕ“’Χ
1296 174 1389 251 Ov
1495 181 1779 290 Dv-'JU
1908 185 2074 259 S.⁸

392 311 697 364 misericordia
714 310 911 360 Domini
935 312 1101 375 possint
1126 310 1228 358 inde
1253 309 1300 358 in
1324 310 1496 361 coelum
1520 314 1652 364 educi
1675 316 1902 364 &salvari
1926 337 1940 371 ς
1976 315 2039 364 est
2064 317 2195 366 enim
2211 314 2378 384 ‘recept³

391 381 458 427 tio
480 378 809 428 Misericordiae
829 377 1046 433 Domini,
1083 391 1191 424 cum
1217 376 1429 426 vixerunt
1452 380 1499 426 in
1541 382 1738 439 mundo,
1789 397 1867 445 per
1889 394 2028 445 quam
2056 385 2377 451 unusquisque

389 445 614 501 salvatur,
649 446 732 510 qui
774 457 881 491 tunc
923 443 1147 505 recipiunt
1187 442 1330 507 illam,
1366 444 1413 492 in
1455 445 1596 494 altera
1626 448 1718 495 vita
1751 447 1797 494 in
1826 448 2136 497 Misericordia
2175 452 2378 500 Domini

389 513 509 568 sunt,
547 527 651 560 nam
677 511 739 559 ibi
763 522 874 557 tunc
901 508 946 555 in
970 507 1174 555 facultate
1199 509 1444 572 recipiendi
1486 511 1614 560 illam
1634 512 1770 567 sunt;
1819 513 1942 560 illam
1965 514 2070 561 dare
2091 515 2204 572 aliis,
2232 518 2292 565 1&
2320 518 2376 564 ἰῐιὓ

390 577 796 642 ἓεηετεμοὶειιίνίε
821 590 875 622 ex
897 572 1195 635 beneplacito,
1233 575 1375 624 modo
1397 577 1541 625 fidem
1582 578 1791 634 habeant,
1828 580 1876 626 &
1901 579 1961 627 fic
1981 595 2006 626 a
2023 583 2214 643 peccatis
2234 599 2370 630 mun-

344 667 349 671 ·
389 645 518 692 datos
542 645 628 691 effe
651 642 854 696 credant,
880 639 942 686 est
970 639 1260 703 impoffibile,
1295 641 1404 705 quia
1426 642 1489 690 est
1522 657 1673 692 contra
1707 645 1932 701 ordinem,
1986 646 2074 693 hoc
2097 646 2177 703 est,
2211 662 2380 696 contra

391 710 627 759 Divinum
651 706 776 771 quod
802 706 865 751 est
885 705 1015 753 ordo.
1088 706 1351 755 Secundum
1371 709 1582 757 ordinem
1600 710 1680 767 est,
1719 711 1846 774 quod
1871 712 1984 757 fides
2007 713 2057 759 ὅτ,
2079 712 2267 760 charitas
2285 715 2375 762 im«

389 778 650 840 plantentur
667 776 712 820 in
736 772 884 843 libero
895 772 945 818 ὅτ
964 786 1055 818 non
1075 770 1121 818 in
1144 772 1320 829 coacto,
1356 775 1405 821 &
1429 775 1556 837 quod
1579 776 1689 824 fides
1713 776 1762 823 δε
1785 775 1988 833 charitaS,
2024 792 2132 840 quae
2157 779 2202 824 in
2224 780 2381 828 libero

390 843 677 905 implantatae
708 836 825 894 sunt,
861 849 1175 900 permaneant,
1213 854 1311 887 non
1344 853 1497 890 autem
1532 857 1642 905 quae
1677 842 1724 887 in
1759 840 1951 895 εοεέὶος
1987 843 2113 888 causa
2147 843 2227 899 est,
2263 847 2384 908 quia,

389 924 498 972 quae
522 908 565 954 in
589 905 746 961 libero,
781 918 833 950 ea
857 903 903 950 in
922 902 1214 951 affectionem
1241 920 1292 953 ac
1311 904 1374 953 ita
1400 908 1447 953 in
1467 907 1749 955 voluntatem
1769 907 1970 954 hominis
1988 907 2284 965 infinuantur,
2319 912 2384 959 &=

389 975 450 1022 fic
473 973 837 1039 appropriantur,
873 984 964 1017 non
982 980 1133 1017 autem
1152 986 1260 1034 quae
1284 972 1329 1018 in
1353 973 1514 1020 coacto
1543 994 1557 1027 3
1592 971 1917 1037 consequenter
1943 973 2213 1036 impoffibile
2238 975 2300 1022 est
2320 989 2385 1024 ut·-

387 1040 584 1088 1alvetur
605 1040 764 1093 homo,
801 1035 881 1083 nili
906 1034 1034 1083 liceat
1055 1035 1118 1093 ei,
1156 1037 1263 1100 quia
1287 1038 1333 1085 in
1351 1038 1476 1086 malo
1498 1052 1626 1087 natus
1648 1039 1728 1096 est,
1767 1039 1943 1086 malum
1971 1040 2131 1096 facere,
2167 1041 2215 1088 δε
2235 1057 2258 1087 a
2276 1058 2380 1090 ma-

389 1107 437 1154 lo
458 1105 666 1154 defistere
689 1124 703 1159 ;
738 1118 843 1149 cum
864 1118 890 1150 a
925 1102 1049 1150 malo
1070 1117 1128 1148 ex
1152 1102 1194 1149 se
1220 1103 1266 1151 in
1298 1105 1438 1152 libero
1465 1106 1551 1153 illo.
1569 1105 1755 1159 desistit,
1789 1118 1893 1152 tunc
1917 1105 2157 1153 insinuatur
2181 1106 2389 1156 affecti&

390 1173 487 1220 veri
513 1173 561 1220 &
585 1170 694 1218 boni
717 1184 743 1216 a
768 1168 993 1225 Domino,
1028 1167 1134 1214 inde
1149 1168 1191 1216 ei
1215 1169 1279 1216 est
1305 1170 1495 1219 liberum
1516 1171 1760 1236 recipiendi
1784 1171 1878 1228 illa,
1915 1187 2024 1235 quae
2048 1173 2158 1219 fidei
2184 1174 2233 1220 δε
2259 1190 2371 1237 quae

392 1238 623 1287 charitatis
647 1236 764 1292 sunt,
780 1297 785 1301 ¹
801 1249 907 1281 nam
933 1235 1126 1281 liberum
1146 1233 1209 1280 est
1232 1235 1483 1283 affeetionis
1504 1258 1518 1291 ς
1572 1238 1677 1284 inde
1701 1248 1842 1300 patet,
1877 1238 2002 1300 quod
2027 1237 2294 1300 impoffibile
2318 1241 2374 1290 fit

387 1320 552 1369 cogere
577 1304 814 1350 hominem
832 1300 890 1347 ad
913 1299 1100 1347 salutem
1122 1319 1136 1353 3
1187 1302 1315 1363 quod
1343 1302 1375 1348 fi
1398 1302 1497 1349 fieri
1522 1303 1683 1365 posset,
1717 1317 1878 1349 omnes
1897 1303 1978 1365 qui
2005 1305 2048 1349 in
2069 1306 2244 1351 mundo
2266 1307 2373 1353 sunt

390 1371 602 1419 homines
622 1368 907 1416 salvarentur.
979 1363 1239 1413 Secundum
1264 1368 1470 1416 ordinem
1496 1368 1578 1424 est,
1614 1380 1662 1416 ut
1687 1368 1729 1415 in
1766 1367 1902 1414 altera
1941 1370 2034 1414 vita
2057 1370 2369 1418 consocientur

389 1453 549 1487 omnes
573 1434 822 1483 secundum
848 1431 1010 1484 vitam,
1045 1446 1183 1494 quam
1209 1431 1453 1481 inmundo
1476 1434 1558 1481 fibi
1577 1434 1924 1496 acquisiverunt,
1962 1435 2073 1481 mali
2105 1429 2210 1483 cum
2235 1437 2376 1485 malis

388 1505 440 1552 &
481 1503 587 1550 boni
624 1517 732 1548 cum
775 1496 922 1553 boniS,
960 1498 1066 1544 inde
1092 1513 1182 1544 non
1210 1500 1413 1563 poffibile
1437 1499 1500 1545 est
1533 1514 1584 1547 ut
1622 1501 1752 1548 simul
1786 1499 1871 1547 sint
1895 1502 2006 1546 mali
2029 1501 2077 1548 δε
2105 1504 2244 1557 boni3
2285 1517 2370 1550 nec

389 1569 598 1634 poffibile
620 1567 684 1613 est
715 1578 764 1613 ut
787 1565 835 1611 in
861 1563 984 1610 bono
1014 1563 1100 1610 sint
1124 1563 1205 1627 qui
1230 1564 1363 1622 mali,
1410 1581 1516 1612 narn
1543 1568 1714 1613 bonum
1739 1567 1790 1614 ὅτ
1813 1565 1984 1614 malum
2011 1567 2224 1630 oppofita
2246 1570 2381 1626 sunt,

308 1670 311 1673 -
389 1637 439 1685 ὅτ
464 1649 606 1682 unum
631 1630 817 1679 destruit
839 1630 1064 1677 alterum:
1124 1630 1226 1678 inde
1259 1632 1395 1678 etiam
1417 1644 1570 1694 patet,
1607 1633 1730 1694 quod
1755 1647 1845 1678 non
1871 1632 2076 1694 poffibile
2110 1633 2179 1689 sit,
2217 1646 2264 1682 ut
2289 1635 2368 1683 sal·
2419 1669 2422 1671 >

390 1714 550 1748 ventur
573 1698 653 1762 qui
679 1698 723 1744 in
753 1696 963 1749 inferno;
1000 1696 1060 1742 ita
1085 1710 1174 1742 non
1206 1696 1356 1744 dabile
1380 1698 1507 1758 quod
1526 1699 1727 1754 salvatio,
1767 1711 1990 1762 utcunque
2012 1700 2183 1746 vixerat
2204 1699 2383 1758 homor

389 1767 443 1814 fit
466 1782 523 1813 ex
548 1767 637 1812 sola
660 1761 980 1811 misericordia.
1052 1763 1151 1825 Qi
1187 1762 1230 1808 in
1269 1762 1446 1810 inferno
1482 1763 1604 1821 sunt,
1642 1764 1692 1810 &
1727 1764 1790 1811 ibi
1825 1761 2100 1822 cruciantur,
2137 1768 2368 1829 imputant

390 1833 571 1881 Divino
594 1831 809 1878 cruciatus
834 1827 914 1886 ibi,
951 1827 1163 1884 dicende,
1199 1829 1325 1891 quod
1351 1829 1581 1889 Divinum·
1599 1829 1642 1877 id
1667 1828 1842 1877 auferre
1865 1831 2015 1893 poffit,
2052 1832 2082 1878 fi
2109 1831 2234 1890 velit,
2259 1833 2384 1898 quia=

389 1899 702 1961 omnipotenS‚
738 1894 809 1942 sed
833 1893 959 1958 quod
983 1908 1075 1940 non
1098 1892 1229 1949 velit,
1265 1894 1314 1941 δε
1336 1895 1463 1957 quod
1500 1897 1605 1943 inde
1632 1895 1683 1943 fit
1708 1898 1754 1943 in
1781 1898 1926 1953 causa,
1979 1912 2083 1945 nam
2109 1899 2189 1961 qui
2217 1899 2367 1962 potefl:

390 1966 441 2013 δε
465 1980 555 2011 non
581 1963 693 2017 vult,
728 1962 892 2008 dicunt
909 1962 953 2007 in
973 1959 1101 2006 causa
1121 1958 1205 2006 effe
1228 1979 1244 2013 ·,
1281 1959 1355 2007 sed
1390 1960 1560 2008 auferre
1586 1963 1708 2018 talia,
1750 1962 2026 2026 impoffibile
2050 1963 2133 2019 est,
2168 1967 2278 2027 quia
2301 1965 2368 2014 est

389 2041 545 2077 contra
567 2028 777 2075 ordinem
799 2048 812 2081 ·‚
847 2026 881 2073 fi
904 2027 1029 2075 enirn
1047 2025 1342 2084 auferrentur,
1377 2026 1660 2088 insurgerent
1682 2028 1790 2076 mali
1813 2041 1966 2076 contra
1982 2030 2145 2085 bonOS,
2183 2031 2231 2085 &
2258 2032 2363 2080 sub·

382 2096 596 2160 jugarent
629 2089 752 2157 'ipsos
788 2092 987 2154 angelos,
1040 2093 1091 2138 ὅτ
1129 2091 1405 2140 destruerent
1437 2097 1641 2151 coelum·,
1693 2094 1765 2141 sed
1793 2095 2017 2142 Divinum
2044 2111 2138 2143 non
2156 2095 2257 2144 vult
2279 2098 2382 2147 nisi·

394 2165 588 2218 bonum,
626 2175 792 2222 nempe
817 2158 1078 2205 felicitatem
1115 2159 1360 2215 bonorum,
1395 2160 1445 2207 ὅτ
1468 2176 1519 2206 ea
1541 2172 1729 2223 propter
1753 2160 2116 2208 refraenationem
2150 2177 2202 2209 ac
2228 2163 2365 2212 fimul

391 2227 761 2276 emendationem
797 2224 1134 2287 improborum,
1170 2239 1276 2272 curn
1300 2225 1376 2271 hic
1400 2226 1502 2272 finis
1524 2226 1606 2283 est,
1642 2226 1725 2289 qui
1766 2226 1827 2273 est
1864 2227 1967 2273 finis
1992 2227 2150 2274 Divini
2171 2228 2368 2278 Amoris

389 2310 439 2341 ac
459 2295 592 2358 ipsius
621 2290 964 2345 Misericordiae,
1001 2305 1092 2336 non
1117 2290 1320 2352 poffibile
1339 2290 1404 2337 est
1427 2303 1478 2339 ut
1499 2294 1720 2339 cruciatus
1757 2290 1819 2337 illi
1855 2294 1943 2355 qui.
1971 2292 2015 2338 in
2041 2292 2219 2342 inferno
2242 2294 2369 2343 aufe-

389 2373 556 2408 rantur.
627 2358 701 2406 Ex
724 2358 791 2404 his
814 2355 1040 2419 exemplis
1064 2355 1263 2427 constare
1305 2357 1469 2421 potest,
1503 2359 1630 2422 quod
1668 2372 1806 2405 omne
1848 2357 1893 2403 id
1934 2359 2137 2421 poffibile
2162 2359 2217 2406 fit
2240 2361 2368 2423 quod

390 2441 544 2475 contra
588 2424 796 2471 ordinem
816 2456 839 2480 ,=
887 2436 1116 2484 utcunque
1149 2435 1334 2487 apparet
1369 2434 1419 2471 ut
1454 2424 1660 2488 poffibile
1697 2422 1785 2470 illis
1819 2424 1901 2487 qui
1935 2439 2089 2471 arcana
2124 2426 2231 2473 coeli
2267 2443 2364 2476 non

397 2493 554 2540 sciunt.
1178 2503 1179 2506 ’
1375 2519 1388 2525 -

463 2563 607 2617 8701.
646 2556 761 2604 Non
783 2568 908 2618 potes
925 2554 1068 2604 facere
1091 2553 1203 2603 illud
1224 2554 1342 2604 solus
1366 2567 1434 2613 tu,
1473 2556 1597 2620 quod
1618 2557 1844 2620 significet
1859 2557 1984 2621 quod
2004 2555 2169 2621 absque
2187 2558 2370 2608 influxu

395 2624 488 2670 veri
514 2640 569 2670 ex
595 2624 718 2681 bono
739 2623 939 2678 aliunde,
975 2620 1149 2669 constat
1173 2637 1230 2668 ex
1250 2622 1741 2684 significatione'facere
1765 2623 1879 2670 illud
1907 2624 2038 2678 solus,
2073 2640 2178 2671 cum
2203 2626 2375 2673 dicitur

392 2691 450 2737 de
471 2691 590 2737 Vero
612 2688 804 2742 Divino,
842 2689 968 2749 quod
1002 2703 1082 2749 per
1101 2688 1323 2736 Moschen
1348 2690 1701 2751 repraesentatur,
1738 2691 1864 2753 quod
1892 2689 1946 2735 sit
1968 2689 2166 2737 influxus
2191 2705 2370 2739 vertex

392 2755 607 2809 illocsolO,
645 2754 691 2800 &
718 2770 807 2800 non
833 2753 959 2801 simul
986 2753 1181 2800 aliunde.
1254 2755 1512 2811 Quomodo
1549 2770 1655 2802 cum
1681 2757 1771 2803 hoc
1797 2756 1837 2802 se
1873 2755 2025 2811 habet,
2061 2756 2259 2802 constare
2282 2772 2369 2820 po-
2442 2795 2458 2808 .

393 2822 479 2870 test
501 2837 558 2868 ex
584 2820 669 2866 illis
702 2835 809 2881 quae
839 2820 895 2864 de
920 2818 1224 2866 influxu-Veri
1251 2820 1414 2867 Divini
1452 2820 1740 2877 immediato,
1777 2822 1826 2867 &
1851 2822 1909 2869 de
1935 2822 2109 2880 influxu
2133 2821 2253 2867 illius
2275 2825 2366 2868 im-

396 2881 597 2934 mediato
623 2886 670 2932 &
696 2885 825 2932 simul
852 2887 1072 2941 mediato,
1110 2884 1240 2948 supra
1267 2901 1323 2932 n:
1353 2886 1502 2948 8685,
1539 2886 1658 2933 dicta
1683 2887 1802 2943 sunt,
1839 2887 1963 2951 quod
1981 2901 2145 2948 nempe
2167 2886 2372 2935 influxus

394 2953 501 3000 Veri
522 2951 681 2999 Divini
706 2952 997 2998 immediatus
1023 2950 1076 2997 sit
1099 2952 1146 2997 in
1174 2952 1326 3013 primo
1349 2951 1468 3019 statu
1487 2952 1686 2999 hominis
1707 2968 1814 3000 cum
1841 2964 2136 3015 regeneratur,
2171 2964 2216 2998 at
2241 2953 2370 3013 quod

394 3018 591 3064 influxus
616 3016 906 3064 immediatus
929 3018 976 3064 δε
999 3018 1220 3064 mediatus
1243 3017 1365 3064 sitin
1406 3019 1547 3065 altero
1572 3019 1702 3074 statu,
1730 3034 1903 3082 -nempe
1937 3032 2044 3064 cum
2080 3030 2370 3078 regeneratus

392 3083 455 3131 est
476 3104 489 3136 ·,
521 3099 626 3130 cum
651 3081 847 3129 influxus
872 3082 1158 3129 immediatus
1183 3083 1266 3140 est,
1311 3084 1540 3131 Dominus
1566 3084 1755 3147 quidem
1778 3084 1927 3132 influit
1950 3098 2054 3129 cum
2080 3085 2203 3130 bono
2222 3084 2272 3131 ὅτ
2290 3099 2370 3132 ve·-

391 3164 460 3205 ro,
494 3160 540 3196 at
564 3162 670 3196 tunc
694 3164 785 3196 non
812 3149 1057 3213 percipitur
1080 3149 1256 3197 bonum
1279 3149 1356 3197 sed
1395 3164 1573 3216 yerum,
1623 3148 1729 3198 ideo
1757 3160 1865 3198 tunc
1897 3148 2077 3197 ducitur
2112 3148 2255 3200 homo
2288 3165 2370 3213 per

2106 3232 2113 3237 ’
2203 3230 2368 3264 verum
