2722 3684
602 182 902 291 CAPuT
947 223 1440 288 VIGESIMUM
1486 221 1958 309 QJARTUM.
2134 223 2305 313 ¹463

334 344 546 395 Verbum
582 345 890 402 Historicum,
923 346 975 393 δε
998 359 1080 408 per
1115 343 1270 393 Eliam
1303 343 1511 392 Verbum
1549 341 1903 406 Propheticum,
1957 340 2087 406 quod
2112 340 2157 389 in
2182 341 2310 389 sensu

326 412 511 461 interno
532 412 681 460 ubivis
702 412 800 474 agit
822 412 881 458 de
904 412 1131 467 Domino,
1180 409 1239 456 de
1261 409 1403 474 Ipfius
1424 409 1626 461 adventu
1649 410 1697 456 in
1720 408 1977 464 Mundum,
2010 408 2062 456 ὅτ
2084 407 2142 455 de
2164 407 2310 471 Ipsius

323 477 454 525 exitu
477 494 504 526 e
526 477 739 532 mund0;
795 489 1075 542 quapropter
1111 476 1296 532 dicitur,
1356 474 1486 539 quod
1528 472 1825 522 Moscheh&
1850 473 1977 522 Elias
2014 473 2096 521 visi
2134 474 2220 522 {int
2259 473 2307 522 in

321 542 491 604 gloria,
526 542 669 606 gloria
692 542 816 590 enim
840 542 903 589 est
927 544 1070 590 sensus
1095 543 1297 590 internus
1324 540 1486 597 Verbi,
1524 541 1574 588 &
1598 540 1740 588 nubes
1776 539 1924 588 sensus
1954 537 2051 602 ejus
2080 552 2309 597 externus,

321 607 535 656 videatur
561 607 776 656 Praefatio
799 608 858 655 ad
883 608 1015 671 Cap:
1039 622 1170 655 xvru
1201 608 1329 659 Gen:
1369 607 1470 679 ὅρη
1495 624 1509 654 2
1533 622 1679 678 5922.
1708 608 1858 679 8427.
2080 633 2083 636 »
2209 669 2223 679 ⁹

319 668 2308 802 oefflazzrxffisgffi‘ffgzss„52252532135030250135032323³22333¹¹ss¹123352,¹³32⁰2;‘3;

321 819 381 851 n:
410 808 560 867 3084.
578 821 727 868 4539.
747 806 894 868 4969.
915 807 1044 866 5406
1068 807 1212 866 5817.
1237 804 1388 865 6007,
1408 803 1457 851 &
1477 802 1582 851 inde
1599 817 1785 866 quoque
1803 801 2042 865 conjungi,
2069 818 2126 850 n:
2152 802 2303 862 8760,

318 871 447 933 quod
473 871 525 919 fit
547 886 657 918 cum
678 872 903 927 Domino,
936 871 999 918 est
1023 871 1130 934 quia
1153 885 1234 932 per
1256 870 1490 932 Jehovam
1515 871 1560 916 in
1579 868 1735 915 Verbo
1761 868 2032 930 intelligitur
2052 867 2303 925 Dominu&

321 950 383 983 n:
428 936 743 1003 ¹34321735·
778 952 918 999 1793.
948 950 1089 996 2004.
1117 950 1262 994 2005.
1289 937 1432 983 2018.
1461 949 1603 995 2025.
1636 948 1727 997 292
1742 951 1779 982 r.
1808 948 1953 997 3023.
1980 949 2124 997 3035.
2150 933 2299 996 5663.

322 1001 466 1048 6280.
493 1002 640 1064 6303.
667 1002 813 1049 6281.
841 1003 985 1065 6905.
1014 1005 1161 1060 8274.
1186 999 1332 1058 8864.
1361 1016 1507 1062 9315.
1595 1000 1829 1046 Arcanum
1863 999 1985 1062 quod
2014 1000 2058 1046 in
2085 998 2209 1049 sensu
2234 1002 2303 1046 in·

321 1078 451 1113 terno
469 1067 634 1113 horum
653 1068 892 1115 verborum
916 1067 1053 1114 etiam
1078 1067 1201 1122 latet,
1239 1063 1302 1111 est
1323 1064 1451 1129 quod
1476 1063 1559 1112 filii
1577 1064 1755 1124 Jacobi,
1772 1065 1935 1128 quibus
1953 1075 2006 1112 ut
2020 1075 2161 1127 caput
2180 1080 2301 1127 prae·

321 1131 680 1188 eratVMoscheh‚
717 1147 810 1180 non
835 1131 982 1180 vocati
1009 1131 1060 1179 δι’
1084 1130 1214 1180 electi
1249 1131 1377 1188 fint„
1410 1130 1484 1178 sed
1507 1131 1632 1193 quod
1673 1130 1909 1178 institerint
1943 1130 2026 1193 ipfi
2062 1144 2114 1178 ut
2148 1131 2304 1178 cultus

321 1195 517 1244 Divinus
548 1197 675 1260 apud
711 1197 809 1246 illos
843 1198 1166 1252 institueretur,
1216 1195 1463 1244 secundum
1490 1197 1567 1243 illa
1590 1211 1699 1261 quae
1718 1211 1777 1243 n:
1802 1210 1952 1258 4290.
1991 1211 2141 1258 4293,
2174 1195 2299 1243 dieta

321 1262 456 1317 sunt,
490 1278 627 1326 quare
649 1264 834 1318 dicitur,
870 1263 925 1312 ἔθ’
947 1262 1007 1310 ad
1027 1262 1230 1325 Moschen
1253 1261 1378 1318 dixit,
1431 1261 1599 1323 ascende
1620 1261 1681 1309 ad
1701 1261 1930 1323 Jehovam,
1964 1262 2073 1309 ficut
2097 1276 2186 1308 non
2211 1262 2298 1324 Je-

320 1327 472 1375 hovah
498 1328 571 1375 sed
598 1328 712 1376 alius
733 1329 898 1376 dixerit
919 1329 1047 1393 quod
1071 1327 1329 1376 ascenderet
1350 1348 1365 1382 3
1415 1329 1477 1374 ob
1503 1327 1701 1374 eandem
1734 1327 1913 1374 causam
1939 1329 1983 1374 in
2011 1327 2298 1392 sequentibus

320 1393 486 1442 dicitur
520 1394 650 1458 quod
689 1394 884 1456 populus
919 1410 1009 1441 non
1044 1394 1316 1449 ascenderet,
1363 1391 1501 1440 Vers:
1527 1408 1575 1450 2,
1624 1394 1672 1439 &
1696 1392 1823 1457 quod
1862 1393 2072 1456 Jehovah
2111 1407 2200 1440 non
2235 1393 2298 1441 ad

322 1458 538 1521 sepositos
565 1459 682 1507 filios
706 1459 876 1507 Israelis
899 1459 1067 1507 miserit
1091 1474 1279 1507 manum
1304 1458 1446 1514 suam,
1493 1457 1637 1506 Vers:
1670 1474 1686 1505 1
1704 1477 1718 1506 ι
1746 1479 1760 1512 ;
1797 1470 1895 1505 tum
1928 1458 2055 1522 quod
2092 1457 2298 1521 aspectus

322 1526 488 1586 gloriae
509 1525 707 1587 jehovae
731 1525 864 1572 fuerit
899 1526 1007 1572 ficut
1040 1525 1159 1586 ignis
1191 1525 1435 1572 comedens
1462 1523 1505 1570 in
1529 1526 1678 1587 capite
1714 1524 1882 1571 montis
1906 1525 2062 1572 -oculis
2093 1524 2295 1571 filiorum

321 1589 506 1646 IsraeliS,
555 1590 673 1637 Vers
689 1607 700 1636 ε
733 1605 806 1655 17,
854 1592 903 1638 &
930 1590 1117 1639 tandem.
1135 1592 1261 1655 quod
1286 1590 1513 1637 Moscbeh
1536 1591 1610 1637 die
1635 1590 1832 1653 septimo
1855 1602 2038 1639 vocatus
2062 1589 2297 1638 intraverit

323 1656 368 1702 in
399 1655 603 1702 medium
628 1656 791 1709 nubis;
828 1672 904 1720 per
930 1658 1099 1704 nubem
1122 1660 1246 1703 enim
1271 1655 1541 1717 intelligitur
1564 1656 1769 1702 Verbum
1799 1657 1846 1702 in
1880 1655 2022 1711 litera,
2060 1671 2116 1702 n:
2141 1669 2289 1717 5922.

323 1723 448 1783 6343
478 1721 566 1767 fin:
594 1721 736 1782 6832.
758 1723 901 1784 6752.
923 1724 1069 1772 8106.
1093 1726 1238 1784 8443.
1261 1723 1408 1784 8781,
1446 1722 1495 1768 &
1513 1721 1633 1784 apud
1658 1721 1776 1768 filios
1794 1722 1955 1783 Jacobi
1974 1734 2067 1768 erat
2085 1720 2292 1768 Verbum

324 1787 576 1851 separatum
599 1802 624 1835 a
649 1786 770 1834 sensu
795 1786 874 1845 suo
899 1788 1094 1844 interno,
1141 1799 1264 1834 erant
1299 1786 1422 1835 enim
1447 1787 1492 1833 in
1515 1788 1643 1835 cultu
1673 1799 1861 1834 externo
1891 1787 2056 1850 absque
2079 1786 2256 1833 interno
2274 1805 2292 1840 ς

323 1853 452 1916 quod
493 1852 722 1900 manifeste
746 1853 943 1900 constare
970 1853 1115 1916 potest
1136 1869 1193 1903 ex
1216 1867 1272 1899 eo
1294 1853 1419 1917 quod
1445 1867 1566 1900 nunc
1591 1852 1701 1900 sicut
1724 1852 1847 1916 prius
1882 1852 2100 1907 dixerint,
2149 1853 2294 1898 omnia

322 1918 480 1974 verba,
517 1935 608 1980 quae
628 1920 820 1982 loquutus
842 1919 1062 1980 Jehovah,
1091 1920 1323 1983 faciemus,
1375 1918 1496 1965 Vers
1509 1935 1519 1963 :
1546 1935 1608 1981 33
1642 1918 1692 1966 &
1715 1931 1864 1967 tamen
1898 1919 1977 1965 vix
2011 1916 2290 1980 praeterlapsi

324 1983 425 2032 sunt
447 1985 740 2047 quadraginta
761 1985 856 2031 dies
880 1985 979 2048 post
1005 1986 1091 2031 hoc
1116 1998 1318 2047 tempus,
1352 1998 1459 2031 cum
1483 1983 1698 2031 Vitulum
1725 1985 1932 2032 Aureum
1966 1999 2050 2047 pro
2074 1982 2291 2046 Jehovah

321 2048 590 2104 coluerunt3
626 2050 748 2096 unde
774 2063 919 2113 patet,
953 2051 1076 2114 quod
1108 2050 1266 2098 hocin
1291 2049 1428 2096 corde
1463 2065 1620 2097 eorum
1658 2049 1854 2106 latuerit,
1900 2066 2045 2114 quum
2070 2064 2147 2096 ore
2169 2048 2294 2096 dice-

323 2115 448 2170 bant,
483 2115 611 2178 quod
637 2115 835 2177 Jehovae
873 2116 957 2175 soli¹
985 2115 1227 2164 servirent:
1263 2130 1370 2163 curn
1408 2128 1578 2170 tamen,
1613 2115 1693 2178 qui
1733 2129 1812 2178 per
1848 2129 2031 2164 vocatos
2053 2116 2103 2161 ὅτ
2127 2112 2293 2161 εἰεᾶοε

322 2180 656 2242 intelliguntur,
694 2181 795 2228 sunt
832 2181 894 2228 illi
932 2183 1010 2246 qui
1045 2182 1088 2228 in
1121 2185 1296 2230 interno
1327 2180 1447 2230 cultu
1484 2179 1600 2236 sunt,
1636 2179 1686 2226 &
1710 2180 1767 2227 ab
1790 2181 1965 2228 interno
2003 2181 2291 2237 in.extern0‚·

321 2245 411 2293 hoc
434 2247 514 2302 est,
549 2247 627 2310 qui
652 2248 697 2293 in
723 2261 876 2294 amore
899 2248 944 2295 δι
972 2249 1016 2294 in
1042 2247 1133 2295 fide
1160 2248 1205 2295 in
1231 2248 1512 2304 Dominum,
1558 2248 1607 2294 &
1633 2245 1737 2293 inde
1763 2246 1807 2308 in
1832 2262 1985 2296 amore
2006 2261 2108 2309 erga
2134 2245 2290 2309 proxi·

325 2327 458 2360 mum
483 2312 597 2359 sunt.
1085 2352 1088 2353 γ
2030 2352 2032 2354 ,

389 2392 535 2443 9374.
574 2378 653 2425 Tu
673 2378 722 2426 δε
744 2379 952 2436 Aharon,
988 2379 1111 2444 quod
1140 2379 1360 2441 significet
1377 2379 1585 2427 Verbum
1605 2380 1651 2426 in
1674 2377 1795 2425 sensu
1821 2379 1998 2426 interno
2016 2378 2066 2425 &
2082 2390 2291 2434 externo,

321 2443 493 2491 constat
527 2458 584 2496 ex
620 2445 1009 2507 repraesentatione
1056 2445 1277 2501 Moschis,
1329 2446 1455 2510 quod
1492 2446 1545 2493 fit
1579 2444 1807 2500 Verbum,
1854 2445 1911 2491 de
1946 2459 2035 2508 qua
2071 2444 2199 2506 supra
2223 2462 2250 2492 n
2271 2463 2287 2492 ε

322 2523 486 2571 93733
520 2522 565 2555 at
587 2511 771 2572 quando
809 2512 1015 2567 Aharon,
1064 2513 1143 2574 qui
1178 2511 1272 2575 ejus
1311 2511 1460 2566 frater,
1495 2512 1535 2558 ei
1576 2509 1861 2574 adjungitur,
1916 2522 2025 2556 tunc
2062 2510 2291 2559 Moscheh

321 2574 603 2636 repraesentat
620 2576 827 2624 Verbum
846 2578 891 2624 in
912 2577 1032 2624 sensu
1057 2578 1255 2635 interno,
1291 2580 1340 2625 &
1360 2577 1550 2624 Aharon
1579 2576 1623 2622 in
1646 2590 1850 2632 externo,
1887 2588 1939 2622 ut
1960 2591 2143 2640 quoque
2165 2577 2290 2641 prius

279 2643 727 2700 ,n:08.782.
1553 2657 1567 2659 ⁷·
2114 2682 2118 2683 γ
2214 2692 2218 2695 ,

386 2654 538 2768 '973759
571 2656 804 2753 Nirdab&
824 2707 1004 2763 Abihu,
1042 2707 1168 2772 quod
1195 2707 1416 2769 significet
1438 2707 1689 2755 doc'trinam
1715 2720 1772 2754 ex
1795 2719 1998 2769 utroque,
2032 2707 2205 2756 constat
2228 2724 2288 2757 ex

323 2785 380 2816 eo
402 2770 527 2832 quod
551 2770 688 2818 effent
721 2772 802 2819 filii
835 2773 1102 2827 Aharonis·,
1136 2786 1415 2837 quapropter
1444 2789 1549 2820 cum
1586 2789 1667 2835 per
1705 2774 1971 2821 Aharonem
2011 2774 2289 2837 significatur.

322 2836 545 2890 Verbum,
582 2851 659 2898 per
682 2837 800 2884 filios
824 2837 918 2899 ejus
950 2838 1223 2900 significatur
1253 2839 1477 2893 doctrina.
1528 2855 1606 2902 per
1631 2837 1848 2902 majorem
1874 2851 1980 2886 natu
2001 2839 2206 2887 doctrina
2228 2856 2287 2887 ex

323 2900 447 2948 sensu
474 2901 663 2948 interno.
733 2902 890 2958 Verbi,
931 2904 980 2950 &
1005 2920 1084 2967 per
1107 2904 1331 2951 minorem
1357 2917 1466 2951 natu
1492 2904 1698 2951 doeirina
1722 2919 1775 2950 ex
1802 2903 1925 2951 sensu
1948 2918 2135 2952 externo
2157 2905 2251 2967 ejus
2270 2926 2286 2959 ;

320 2966 522 3014 doctrina
545 2981 602 3013 ex
625 2967 765 3014 Verbi
792 2969 914 3015 sensu
940 2969 1136 3025 interno,
1164 2970 1222 3025 ¹&
1245 2969 1452 3016 dostrina
1474 2985 1530 3015 ex
1554 2970 1694 3016 Verbi
1719 2968 1842 3016 sensu
1875 2982 2075 3027 externo,
2112 2970 2174 3016 est
2195 2986 2288 3018 una

321 3031 540 3086 doctrina,
578 3048 682 3080 nam
718 3035 797 3096 qui
836 3036 883 3080 in
921 3034 1098 3081 interno
1133 3034 1250 3090 sunt,
1285 3036 1422 3082 etiarn
1461 3036 1506 3081 in
1540 3047 1726 3082 externo
1758 3035 1890 3090 sunt,
1929 3035 2126 3082 Ecclesia
2159 3036 2284 3086 enim

323 3097 514 3146 Domini
541 3097 689 3145 ubivis
712 3098 776 3146 est
800 3099 972 3146 interna
996 3101 1046 3148 δε
1070 3113 1272 3157 externa,
1326 3100 1498 3147 interna
1522 3099 1586 3147 est
1608 3100 1770 3156 cordiS,
1817 3102 1866 3148 ὅτ,
1890 3114 2068 3147 externa
2090 3101 2151 3149 est
2178 3101 2286 3158 oris,

323 3163 396 3211 seu
435 3163 607 3212 interna
645 3163 708 3212 est
747 3165 991 3215 voluntatis
1027 3167 1076 3215 &
1113 3177 1297 3277 exffirna
1331 3166 1402 3220 est,
1429 3165 1656 3222 αὲὶίοηίες
1689 3167 1874 3231 quando
1907 3168 2136 3215 internum
2159 3166 2286 3214 >facit

1264 3247 1294 3279 n
1329 3248 1360 3279 n
2137 3247 2284 3281 unum
