2722 3684
349 209 478 279 268
758 195 871 269 ”E
1011 202 1092 267 X
1226 188 1309 266 ο
1404 201 1511 266 0
1589 162 1709 262 ἐϋ
1841 195 1962 261 S,-

419 330 564 395 9046.
602 327 1017 393 Quemadmodum
1051 315 1323 390 imposuerit
1358 324 1487 387 super
1522 323 1656 372 illum
1695 320 1910 370 dominus
1941 317 2148 368 mulieris
2171 351 2194 376 v,
2260 331 2358 382 quo

363 397 585 460 significet
609 396 750 458 usque
770 396 881 444 dum
907 392 1119 442 convenit
1144 402 1249 439 cum
1274 405 1385 438 vero
1402 389 1528 446 boni,
1546 387 1715 436 constat
1736 402 1791 434 ex
1816 387 2141 448 significatione
2161 399 2326 448 quem-

357 463 611 510 admodum
653 460 921 525 imposuerit
962 461 1094 523 super
1134 457 1299 512 illum,
1321 470 1431 503 cum
1455 454 1513 502 de
1538 453 1722 509 mulera,
1756 454 1882 516 quod
1907 453 1959 501 fit
1985 451 2243 500 emendatio
2267 449 2336 497 us-

362 545 456 593 que
469 528 527 576 ad
547 525 908 581 satisfaffionem,
944 523 1171 586 ita-usque
1195 522 1308 568 dum
1332 521 1616 576 convenitur,
1650 518 1817 583 dequa
1841 518 2074 583 sequiturj
2107 532 2167 564 ex
2189 515 2331 578 figni-
2362 524 2365 525 ’

363 595 571 643 ficatione
595 592 772 639 domini
797 606 964 654 nempe
998 588 1215 645 mulieris,
1238 642 1241 654 Ι
1270 587 1346 634 seu
1373 585 1476 642 viri,
1510 584 1639 651 quod
1665 583 1717 651 sit
1739 600 1918 640 verum,
1953 585 2002 632 &
2027 600 2084 632 ex
2111 582 2336 644 fignifica-

363 661 490 707 tione
518 659 736 713 mulieriS,
768 657 893 720 quod
928 656 980 703 sit
1015 657 1191 702 bonum
1213 651 1472 708 3·dominus
1513 651 1636 699 enim
1674 649 1748 697 seu
1782 650 1851 697 vir
1885 649 2092 698 mulieris-
2120 648 2166 694 in
2190 646 2333 694 Verbi

365 726 490 773 sensu
513 723 726 788 spirituali
751 723 1174 784 fignificatverum,
1210 719 1260 766 ὅτ,
1284 717 1448 766 mulier
1480 717 1675 774 bonum,
1715 714 1826 778 quia
1848 730 1927 779 per
1954 713 2223 777 conjugium
2249 713 2335 760 viri

368 806 477 838 cum
514 789 701 836 muliere
739 787 1079 851 repraesentatur
1113 783 1379 847 conjugium
1415 782 1508 831 veri
1547 783 1595 830 &
1631 782 1758 838 boni,
1795 797 1847 827 n:
1874 796 1985 843 915·
2015 794 2158 842 2517.
2182 793 2332 839 4510.

298 876 302 881 -
370 858 518 917 4823.
556 855 638 901 Per
663 853 1030 901 emendationem
1051 851 1193 915 usque
1214 850 1326 897 dum
1352 849 1582 904 convenit,
1606 846 1878 910 intelligitur
1901 845 2122 894 restitutio
2145 844 2337 891 laefionis

369 935 477 984 quae
500 918 614 967 faeta
636 920 699 966 est
724 934 803 982 per
826 930 1006 982 partum
1034 916 1424 979 intempestivum,
1457 915 1504 962 in
1530 913 1652 961 sensu
1678 912 1913 975 spirituali,
1948 926 2028 975 per
2051 910 2337 977 enixumseu

370 985 672 1034 exclusionem
695 984 800 1032 boni
825 986 1029 1032 exveris-
1045 984 1102 1030 ab
1126 984 1301 1030 interno
1334 979 1524 1027 homine
1547 980 1591 1028 in
1617 990 1857 1026 externum
1883 976 1955 1024 seu
1979 976 2220 1026 naturalem
2245 989 2337 1022 non

366 1049 488 1113 justo
522 1050 681 1098 ordine
702 1070 717 1105 3
752 1048 971 1098 restitutio
1006 1049 1073 1106 fit,
1096 1063 1202 1095 cum
1226 1046 1332 1094 dein
1355 1046 1653 1100 conveniunt,
1688 1045 1738 1092 &
1761 1042 2040 1091 conveniunt
2061 1057 2166 1090 cum
2191 1053 2337 1090 exter-

373 1133 456 1164 nus
482 1116 556 1164 seu
572 1114 787 1164 naturalis
811 1116 954 1164 homo
981 1131 1071 1163 non
1096 1114 1191 1176 agit
1214 1129 1270 1160 ex
1295 1112 1336 1159 se
1360 1110 1435 1159 sed
1459 1111 1732 1169 exinterno,
1778 1109 1847 1156 seu
1874 1107 2098 1171 spirituale
2143 1108 2187 1154 in
2213 1120 2340 1155 natu-

373 1183 491 1239 rali,
511 1182 622 1229 sicut
645 1182 792 1229 anima
811 1182 858 1228 in
875 1182 952 1229 suo
974 1184 1161 1243 corpore
1182 1200 1196 1233 3
1230 1194 1338 1225 curn
1355 1177 1456 1224 ,hoe
1479 1178 1550 1233 fit,
1585 1189 1693 1224 tunc
1717 1174 1835 1222 vivit
1856 1185 2091 1223 externum
2117 1173 2190 1223 seu
2214 1185 2340 1224 natu-

375 1247 465 1296 rale
487 1263 544 1295 ex
564 1248 660 1295 vita
683 1249 868 1304 interni,
905 1262 1012 1310 quae
1035 1245 1099 1292 est
1122 1246 1215 1292 vita
1235 1258 1355 1290 nova
1373 1241 1445 1289 seu
1469 1242 1564 1289 vita
1587 1241 1846 1303 regenerati.

441 1329 588 1377 9047.
626 1312 689 1359 Et
713 1312 841 1359 dabit
865 1313 906 1359 in
926 1311 1121 1374 judices,
1158 1308 1285 1373 quod
1320 1306 1805 1370 fignificet.secundum
1838 1320 2044 1369 aequum,
2078 1304 2251 1352 constat
2280 1321 2339 1354 ex

374 1375 698 1439 significatione
708 1378 934 1441 judicum,
958 1376 1081 1438 quod
1106 1376 1190 1424 sint
1206 1374 1284 1439 qui
1305 1388 1359 1420 ex
1377 1372 1491 1434 justo
1509 1374 1558 1420 &
1576 1387 1713 1435 aequo
1735 1371 1959 1418 dirimunt
1982 1371 2032 1418 δε
2075 1370 2339 1430 decernunt,

376 1443 480 1492 inde
502 1444 609 1491 dare·
630 1444 673 1491 in
690 1442 861 1506 judices
883 1442 956 1489 seu
980 1457 1130 1489 coram
1153 1439 1398 1503 judicibu3‚
1433 1437 1496 1485 est
1519 1436 1766 1484 secundum
1791 1451 1999 1500 aequum,
2036 1436 2099 1483 ita
2121 1451 2210 1484 non
2237 1437 2340 1501 plus

375 1524 460 1557 nec
487 1510 653 1565 minus,
690 1510 721 1556 fi
740 1509 839 1571 plus
863 1508 927 1554 illi
952 1508 1214 1571 aequabunt,
1249 1505 1385 1552 etiam
1403 1503 1435 1552 s1
1456 1503 1619 1550 minus.
2320 1558 2323 1561 ἢ

442 1578 588 1636 9048.
626 1574 691 1622 Et
713 1573 837 1621 dabis
870 1572 1068 1620 animam
1094 1587 1178 1635 pro
1201 1571 1367 1624 anima,
1402 1570 1530 1633 quod
1555 1566 1774 1629 significet
1798 1567 1950 1629 legem
1980 1567 2169 1626 ordiniS‚
2206 1568 2337 1632 quod

375 1640 438 1686 ita
455 1639 589 1686 facies
607 1639 819 1703 proximo
838 1638 949 1686 ficut
966 1638 1035 1686 vis
1051 1651 1101 1685 ut
1117 1637 1224 1684 alter
1243 1635 1327 1683 tibi
1346 1634 1492 1691 faciat,
1517 1633 1708 1698 proinde
1729 1635 1855 1697 quod
1875 1633 1954 1681 fibi
1973 1632 2050 1682 fiet
2068 1633 2194 1698 quod
2213 1633 2339 1682 alteri

376 1704 505 1760 facis,
534 1704 704 1752 constat
727 1720 788 1751 ex
807 1719 878 1761 eo,
914 1705 1040 1767 quod
1058 1704 1160 1750 dare
1177 1702 1371 1750 animam
1399 1716 1482 1763 pro
1499 1701 1651 1748 anima
1673 1718 1688 1754 3
1723 1699 1906 1747 oculum
1932 1715 2018 1764 pro
2041 1699 2191 1756 oculo,
2226 1699 2338 1747 den-

378 1782 487 1816 tem‘
501 1784 584 1832 pro
614 1771 769 1827 dente,
806 1770 929 1817 &fic
963 1784 1112 1832 porro,
1148 1770 1200 1815 sit
1222 1766 1319 1814 fieri
1346 1766 1424 1814 libi
1449 1766 1555 1813 ficut
1576 1764 1738 1812 feceras
1770 1765 1909 1814 alteri.
1978 1765 2118 1826 Quod
2143 1765 2241 1812 haec
2264 1766 2339 1816 lex

376 1836 487 1882 data*
502 1836 552 1883 fit
569 1835 674 1884 filiis
693 1835 878 1891 Israelis,
910 1847 1003 1882 erat
1018 1834 1125 1897 quia
1143 1833 1214 1880 lex
1233 1832 1329 1879 talis
1347 1831 1409 1879 est
1434 1832 1479 1879 in
1506 1831 1678 1880 mundo
1697 1829 1931 1894 spirituali,
1965 1831 2048 1894 qui
2072 1831 2134 1878 ibi
2159 1830 2335 1880 bonum

371 1899 483 1948 facit
515 1901 642 1949 alteri
666 1916 723 1949 ex
745 1901 896 1957 corde,
930 1900 1104 1949 bonum
1132 1898 1275 1946 fimile
1308 1898 1503 1960 recipit3
1555 1896 1660 1944 inde
1682 1896 1760 1961 qui
1785 1897 1956 1943 malum
1979 1895 2092 1944 facit
2121 1896 2243 1944 alteri
2277 1911 2336 1944 ex

375 1966 512 2014 corde
534 1967 709 2015 malum
747 1966 890 2014 simile
913 1966 1104 2029 recipit3
1141 1965 1312 2012 bonurn
1337 1965 1458 2010 enirn
1484 1979 1540 2009 ex
1562 1962 1699 2010 corde
1727 1960 2024 2024 conjunctum
2046 1961 2109 2008 est
2131 1977 2234 2009 cum
2259 1961 2337 2009 sua

375 2034 756 2089 remuneratione,
792 2033 840 2080 &
867 2032 1039 2080 malum
1062 2046 1119 2078 ex
1143 2030 1276 2077 corde
1306 2027 1601 2092 conjunftum
1633 2028 1695 2075 est
1717 2042 1822 2074 cum
1847 2027 1920 2075 sua
1944 2028 2196 2091 punitione,
2230 2026 2335 2076 inde

378 2096 445 2143 est
467 2098 639 2145 coelum
665 2098 813 2154 boniS‚
847 2098 895 2144 &
921 2096 1142 2145 infernum
1175 2094 1326 2142 malis:
1362 2094 1484 2158 quod
1513 2094 1572 2140 ita
1597 2093 1665 2150 fit,
1702 2108 1760 2141 ex
1780 2093 1923 2140 multa
1940 2092 2213 2157 experientia
2231 2091 2338 2140 scire

371 2161 535 2209 ⁴datum
565 2162 661 2216 est3
695 2178 801 2210 cum
827 2162 913 2209 illis
938 2163 994 2209 fic
1018 2162 1059 2209 se
1082 2161 1217 2208 habet
1238 2182 1252 2214 3
1285 2160 1366 2221 qui
1391 2161 1558 2206 bonum
1595 2158 1701 2206 facit
1723 2173 1779 2204 ex
1802 2158 1952 2215 corde,
1988 2158 2139 2206 influit
2166 2174 2191 2205 e
2214 2159 2336 2206 coelo

375 2228 436 2275 ab
459 2227 766 2291 undequaque
796 2227 970 2275 bonum
996 2228 1039 2273 in
1064 2242 1143 2273 cor
1165 2227 1214 2273 δε
1237 2224 1435 2272 animam
1460 2223 1551 2286 ejus
1579 2224 1661 2286 qui
1692 2223 1811 2279 facit,
1847 2239 1899 2272 ac
1922 2223 1967 2284 id
1993 2224 2177 2287 inspirat
2200 2223 2336 2286 inspi-

375 2292 537 2347 rando,
574 2293 619 2341 &
644 2303 833 2355 augetur
858 2304 962 2339 tunc
985 2291 1111 2339 simul
1144 2290 1325 2338 affeffio
1353 2291 1517 2336 amoris
1541 2305 1624 2352 pro
1648 2288 1877 2352 proximo,
1913 2291 1987 2336 cui
2011 2290 2183 2336 bonum
2209 2288 2331 2346 facit,

378 2357 431 2404 &-
459 2373 567 2405 cum
603 2358 677 2404 illa
711 2357 946 2405 affectione
974 2355 1250 2419 jucundum,
1284 2356 1410 2418 quod
1446 2354 1510 2401 est
1537 2353 1795 2416 jucundum
1832 2353 2032 2411 coeleste,
2071 2352 2331 2408 ineffabile3

374 2421 500 2470 causa
524 2424 646 2486 quod
672 2424 730 2471 ita
750 2424 843 2477 fiat,
878 2422 939 2468 est
957 2422 1066 2485 quia
1090 2423 1262 2469 bonum
1287 2419 1450 2468 amoris
1472 2435 1497 2466 a
1515 2419 1724 2467 Domino
1739 2418 1802 2466 est
1825 2419 1869 2466 in
1888 2419 2008 2466 coelo
2025 2418 2335 2466 universaliter

377 2502 607 2548 regnam„
634 2504 683 2535 ac
707 2489 856 2537 influit
880 2487 1055 2551 jugiter
1090 2487 1334 2534 secundum
1371 2484 1564 2547 gradum
1588 2501 1684 2547 quo
1706 2487 1990 2547 expromitur
2023 2485 2069 2532 in
2106 2485 2333 2534 alterurn:

372 2553 575 2601 similiter
595 2554 635 2601 se
660 2554 794 2601 habet
811 2570 917 2601 cum
936 2553 1074 2610 malo,
1107 2554 1187 2616 qui
1212 2551 1382 2600 malum
1405 2551 1530 2598 alteri
1547 2565 1604 2598 ex
1622 2550 1754 2599 corde
1773 2548 1891 2604 facit,
1927 2548 2074 2597 influit
2090 2549 2341 2599 exinferno

379 2619 550 2665 malum
568 2620 624 2665 ab
647 2619 950 2682 undequaque
974 2620 1020 2665 in
1042 2633 1120 2665 cor
1143 2617 1236 2681 ejus
1260 2617 1340 2681 qui
1364 2615 1486 2673 facit,
1524 2631 1572 2662 ac
1596 2616 1640 2662 id
1660 2616 1823 2662 excitat
1839 2615 2077 2662 excitando
2098 2637 2111 2670 3
2146 2612 2339 2678 augetur

379 2694 487 2730 tunc
511 2683 642 2730 simul
655 2683 843 2746 (affedtio
865 2684 1030 2731 amoris
1053 2683 1133 2740 sui,
1169 2684 1218 2730 &
1242 2698 1347 2729 cum
1373 2681 1452 2728 illo
1469 2680 1729 2745 jucundum
1757 2680 1851 2727 odii
1873 2696 1925 2728 ac
1947 2680 2163 2728 vindieiae
2186 2693 2338 2728 contra

381 2748 484 2795 illos
505 2747 587 2811 qui
612 2748 653 2794 se
677 2764 769 2795 non
800 2749 1100 2802 submittunt3
1147 2749 1275 2802 causa
1303 2746 1428 2809 quod
1452 2746 1511 2792 ita
1535 2746 1630 2801 fiat,
1667 2746 1730 2792 est
1753 2746 1860 2809 quia
1891 2746 2058 2794 malum
2083 2746 2247 2794 amoris
2269 2745 2331 2792 sui

375 2813 510 2860 estin
535 2812 709 2860 inferno
727 2813 1031 2861 universaliter
1052 2827 1261 2874 regnans,
1296 2813 1346 2860 ὅτ
1370 2810 1700 2875 influitjugiter
1725 2811 1967 2860 secundum
1995 2811 2205 2873 gradum,
2239 2824 2335 2872 quo

369 2881 661 2940 expromitur
683 2878 728 2925 in
751 2879 967 2927 alterum:
1001 2894 1105 2926 cum
1126 2879 1212 2925 hoc
1229 2879 1298 2934 fit,
1333 2876 1481 2924 statim
1504 2876 1662 2925 adsunt
1685 2877 1932 2939 punitores,
1967 2876 2046 2944 qui
2066 2876 2194 2928 illum
2215 2876 2333 2922 male

373 2944 599 2997 traetant3
629 2959 710 3006 per
727 2943 827 2998 hoc,
860 2944 1031 2999 malum
1055 2960 1162 2992 curn
1184 2942 1269 2991 suo·
1272 2942 1481 3006 jucundo
1496 2954 1740 2991 coercetur.
1810 2942 1932 2991 Haec
1950 2941 2055 2995 inde
2079 2940 2194 2995 sunt,
2227 2940 2333 3004 quia

377 3009 498 3072 leges
511 3008 683 3071 ordinis
705 3008 900 3059 inaltera
926 3010 1020 3058 vita
1049 3025 1140 3057 non
1170 3009 1271 3057 sunt
1286 3009 1442 3056 -doetae
1465 3023 1520 3055 ex
1545 3008 1685 3065 libris,
1720 3008 1769 3055 &
1795 3007 1901 3055 inde
1934 3006 2141 3069 repofitae
2163 3006 2210 3054 in
2234 3021 2334 3053 me-

369 3075 537 3129 moria,
573 3073 820 3141 sientapud
838 3075 1044 3123 homines
1062 3076 1107 3122 in
1126 3075 1319 3131 mundo,
1358 3073 1434 3120 sed
1453 3071 2039 3137 suntinseriptae.cordibUS,
2079 3071 2200 3134 leges
2223 3072 2333 3119 mali

368 3138 424 3187 ‘in
446 3140 581 3189 corde
603 3139 848 3199 malorum,
882 3141 932 3190 &
955 3139 1076 3204 leges
1100 3140 1208 3189 boni
1233 3141 1278 3190 in
1303 3138 1437 3190 corde
1459 3139 1702 3197 bonorum,
1736 3153 1839 3189 nam
1865 3131 2165 3202 unusquisque
2189 3136 2334 3210 homo

1705 3247 1736 3271 Β,
2281 3218 2331 3248 m
