2722 3684
369 162 498 250 146
794 154 1879 234 EXODUS.

365 279 544 332 interest
580 294 770 348 propter
815 282 1097 331 intellectum
1135 286 1421 347 iequentium
1464 285 1508 332 in
1552 283 1699 332 Libro
1734 283 1907 332 Exodi.
1980 282 2059 332 Ex
2096 284 2164 333 his
2206 287 2351 335 etiam

367 351 565 399 constare
590 351 753 413 potest,
791 351 915 414 quod
942 366 1021 413 per
1045 349 1276 400 descendit
1303 337 1527 398 Mdschen
1562 352 1620 397 de
1652 365 1808 398 monte
1832 352 1888 397 ad
1915 353 2163 414 populum,
2207 353 2351 414 -figni-

369 418 530 465 ficetur
566 416 811 482 applicatio
839 417 887 464 ὅτ
913 415 1182 481 praeparatio
1206 432 1285 480 per
1309 418 1485 464 Verum
1508 412 1532 463 a
1556 416 1736 464 Divino
1758 416 1813 463 ad
1838 416 2146 481 recipiendum
2175 433 2277 465 vera
2303 420 2350 466 in

368 483 508 532 b0n0.
2369 527 2380 537 .

440 549 583 599 8806.
622 549 686 597 Et
710 547 1004 596 sanctificavit
1028 547 1273 610 populum,
1311 546 1441 611 quod
1468 546 1693 610 significet
1718 547 2058 597 obvelationem
2080 549 2346 599 interiorum

368 627 423 663 ut
464 616 509 662 in
548 615 655 662 fidei
698 615 847 661 sanEto
883 626 1144 676 appareant,
1190 612 1361 660 constat
1384 628 1439 659 ex
1467 614 1551 659 illis
1576 629 1682 677 quae
1707 613 1834 676 supra
1859 631 1919 661 n:
1948 618 2093 677 8788,
2129 617 2351 679 explicata

372 683 489 737 sunt,
526 681 597 727 sed
635 680 696 726 ibi
734 680 991 741 expositum
1028 678 1108 735 est,
1161 679 1273 742 quid
1316 679 1606 726 sanctificatio
1628 679 1750 741 apud
1775 681 2002 743 populum
2039 681 2352 738 Israeliticum,

370 748 494 808 quod
541 760 706 807 nempe
745 745 879 791 fuerit
918 744 1151 792 obvelat'io
1193 745 1476 800 interiorum,
1523 756 1576 792 ut
1613 744 1766 807 quoad
1805 756 1988 792 externa
2021 761 2283 809 apparerent
2306 748 2354 795 in

370 812 537 868 sancto,
572 827 678 858 cum
718 809 761 856 in
797 810 918 857 cultu
964 810 1331 873 repraesentativo
1368 822 1532 864 erant,
1568 811 1616 857 ὅτ
1640 809 1764 874 quod
1803 811 1884 857 nis1
1923 809 2107 857 illorum
2140 811 2353 863 interiora

371 890 482 924 tunc
505 874 713 923 obvelata
739 875 925 933 fuerint,
977 892 1055 939 per
1080 877 1218 924 laedas
1240 875 1538 938 cogitationes
1563 877 1612 923 &
1638 876 1774 923 malas
1805 876 2070 923 affectiones
2095 892 2186 924 non
2213 879 2360 925 modo

369 941 792 1005 contaminaviffent
817 941 1022 989 sanetum
1046 943 1222 998 cultuS,.
1244 944 1317 989 sed
1343 944 1482 989 etiam
1508 942 1686 1005 prorsus
1710 941 1997 1000 delevissent,
2035 942 2149 990 adeo
2172 955 2221 990 ut
2238 943 2355 991 nihil

369 1008 552 1056 coeleste
575 1009 625 1056 ὅτ
650 1007 895 1070 spirituale,
955 1008 1082 1072 quod
1109 1007 1481 1071 repraesentatum
1506 1007 1568 1054 est
1592 1009 1637 1054 in
1662 1007 1874 1072 externiS,
1911 1007 1955 1054 in
1981 1009 2102 1055 coelo
2127 1007 2233 1055 inde
2257 1025 2359 1072 per·

369 1088 558 1137 ceptum
578 1073 740 1121 fuisset.
779 1074 866 1120 Sed
888 1075 997 1137 quia
1022 1090 1102 1137 per
1129 1074 1243 1121 filios
1264 1074 1428 1122 Israelis
1447 1073 1519 1121 hic
1539 1073 1857 1135 intelliguntur
1879 1072 1943 1120 illi
1968 1074 2045 1139 qui
2071 1074 2128 1122 ab
2154 1074 2354 1123 Ecclesia

371 1140 607 1203 spirituali,
656 1139 810 1202 paucis
832 1140 1006 1186 dicetur
1029 1140 1139 1203 quid
1169 1155 1250 1204 per
1274 1139 1670 1187 sanctificationem
1695 1140 1816 1202 apud
1832 1139 1925 1190 ,hos
1948 1139 2214 1203 intelligitur
2234 1161 2249 1195 ς
2284 1140 2352 1188 illi

370 1209 448 1270 qui
477 1208 534 1254 ab
560 1205 755 1253 Ecclesia
790 1205 1001 1268 spirituali
1042 1206 1156 1260 sunt,
1209 1206 1288 1268 qui
1331 1205 1475 1252 vitam
1502 1204 1598 1251 veri
1623 1206 1672 1252 ὅτ
1698 1205 1802 1251 inde
1839 1206 1981 1252 vitam
2018 1206 2127 1254 boni
2166 1207 2352 1263 vivunt,

369 1273 627 1320 detinentur
654 1287 679 1318 a
705 1271 847 1326 malis,
885 1272 934 1318 ὅτ
958 1283 1169 1318 tenentur
1192 1271 1237 1316 in
1265 1271 1385 1317 bono
1408 1285 1433 1316 a
1459 1271 1686 1325 Domino,
1739 1269 1916 1317 bonum
1941 1271 2068 1335 quod
2092 1287 2114 1318 a
2142 1272 2354 1331 Domino

369 1337 432 1383 est
459 1337 658 1386 sanctum
683 1336 803 1399 apud
830 1336 947 1391 illos,
983 1336 1089 1382 inde
1112 1349 1335 1399 quantum
1360 1332 1468 1382 boni
1489 1336 1722 1399 recipiunt
1745 1350 1766 1381 a
1785 1335 2016 1392 Domino,
2042 1348 2221 1385 tantum
2247 1337 2350 1386 sunt

367 1403 541 1458 sancti,
576 1417 626 1450 ac
662 1415 842 1449 tanturn
885 1401 994 1448 boni
1026 1401 1259 1465 ¹recipiunt
1284 1418 1308 1449 a
1335 1400 1560 1458 Domino,
1597 1402 1687 1448 hoc
1710 1401 1790 1456 est,
1842 1413 2017 1449 tantum
2054 1400 2156 1450 sunt
2195 1403 2351 1461 sanffl,

368 1482 591 1538 quantum
616 1468 782 1515 vivunt
804 1467 946 1516 vitam
969 1468 1078 1515 boni
1106 1467 1356 1516 secundum
1394 1466 1593 1530 genuina
1618 1482 1719 1514 vera
1742 1466 1870 1523 fidei,
1916 1467 1967 1515 ὅτ
1991 1480 2099 1515 tunc
2120 1481 2349 1531 quantum

366 1536 557 1583 credunt
581 1533 707 1599 quod
731 1549 867 1580 omne
891 1533 1068 1582 bonum
1091 1533 1218 1597 quod
1245 1546 1350 1582 tunc
1365 1532 1570 1596 cogitant
1586 1534 1634 1581 &
1656 1531 1827 1580 faciunt
1849 1532 1904 1580 sit
1925 1548 1950 1580 a
1976 1534 2216 1582 Domino:
2241 1546 2352 1583 tunc

370 1603 505 1648 etiam
545 1600 662 1647 mala
699 1600 820 1663 apud
860 1598 962 1647 illos
996 1599 1272 1664 separantur,
1308 1610 1361 1647 ut
1384 1599 1563 1663 prorsus
1585 1614 1677 1646 non
1702 1611 1958 1663 appareant,
1995 1599 2223 1664 imprimis
2243 1616 2353 1664 quae

368 1666 657 1716 haereditario
694 1678 926 1713 traxerunt
959 1681 984 1713 a
1019 1667 1296 1730 parentibus,
1344 1681 1454 1729 quae
1489 1664 1608 1712 saeda
1643 1666 1762 1722 sunt,
1795 1666 1904 1729 quia
1935 1680 1960 1711 a
1991 1664 2199 1728 pluribus
2237 1665 2353 1715 aevis

367 1746 485 1783 retro
524 1732 643 1796 apud
681 1744 885 1795 parentes
921 1730 1153 1780 succeflive
1170 1731 1395 1780 cumulata
1419 1732 1533 1786 sunt,
1566 1732 1616 1779 ὅτ
1641 1730 1698 1779 fic
1720 1732 1768 1778 in
1792 1731 1966 1795 prolem
1990 1731 2218 1793 congesta,
2253 1731 2355 1781 haec
2410 1751 2412 1753 ’

371 1798 582 1849 interiora
619 1799 720 1846 sunt
755 1812 864 1862 quae
892 1798 1014 1862 apud
1051 1797 1150 1847 illos
1173 1798 1253 1862 qui
1275 1798 1332 1846 ab
1354 1796 1551 1845 Ecclefia
1574 1796 1800 1861 spirituali
1815 1796 2130 1845 reconduntur
2149 1798 2199 1846 &
2222 1798 2355 1863 quali⁴

368 1865 655 1920 obvelantur‚
690 1879 718 1910 n
741 1881 752 1911 :
778 1864 892 1926 966.
924 1864 1062 1928 1667.
1098 1879 1242 1928 2307.
1269 1867 1413 1927 2308.
1443 1877 1588 1927 370¹·
1614 1877 1763 1926 43¹7·
1792 1865 1956 1924 8550;
2006 1862 2111 1910 inde
2134 1863 2198 1910 est
2219 1863 2352 1928 quod

370 1946 511 1979 omne
552 1930 883 1986 voluntarium,
917 1931 1063 1994 quod
1101 1930 1190 1977 illis
1229 1945 1286 1977 ex
1326 1929 1630 1985 haereditario,
1681 1927 1734 1977 fit
1755 1928 2079 1992 deperditum;
2114 1942 2362 1993 propterea·

370 1997 494 2061 apud
521 1995 620 2044 illos
646 2011 820 2043 novum
855 1995 1166 2045 voluntarium
1193 1996 1238 2043 in
1264 2009 1388 2059 parte
1413 1994 1698 2042 intellectuali
1722 2010 1800 2058 per
1822 2008 1929 2041 vera
1961 1994 2070 2042 fidei
2094 2010 2123 2042 a
2143 1994 2365 2043 Domino·

371 2064 590 2111 formatur
610 2083 625 2117 ;
678 2061 778 2110 haec
814 2060 942 2109 causa
980 2061 1063 2119 est,
1113 2061 1240 2126 quod
1264 2061 1331 2110 illi
1353 2077 1460 2109 cum
1484 2073 1803 2123 regenerantur
1827 2075 1906 2124 per
1926 2076 2034 2108 vera
2057 2059 2274 2109 ducantur
2295 2059 2353 2108 ad

372 2129 567 2185 bonum,
619 2128 669 2176 ὅτ
698 2126 860 2191 ⁴postea
896 2143 1006 2178 cum
1046 2128 1297 2188 regenerati
1339 2128 1443 2176 sunt
1465 2142 1490 2173 a
1513 2127 1637 2174 bono
1671 2127 1714 2174 in
1754 2141 1859 2174 vera
1894 2125 2039 2181 boni;
2074 2125 2181 2173 inde
2210 2136 2354 2190 patet,

370 2193 614 2259 quomodo
650 2208 824 2240 novum
862 2194 1172 2242 voluntarium
1209 2192 1330 2257 apud
1367 2193 1469 2240 illos
1490 2208 1515 2239 a
1538 2192 1747 2240 Domino
1767 2202 1968 2239 creatur:
2002 2192 2131 2255 quod
2153 2192 2240 2239 hoc
2261 2190 2356 2240 for·

374 2273 552 2309 matum
579 2259 639 2307 fit>
655 2260 709 2306 in.
727 2270 854 2322 parte
876 2258 1163 2307 intellectuali
1187 2258 1309 2323 apud
1336 2258 1437 2307 illos
1459 2258 1537 2322 qui
1561 2258 1617 2305 ab
1641 2256 1842 2306 Ecclesia
1864 2256 2095 2320 spiritual-i,
2143 2257 2356 2306 videatur

373 2342 430 2440 ig:
459 2327 567 2390 863.
595 2328 704 2387 875.
735 2326 844 2389 895.
868 2339 983 2389 927.
1018 2340 1161 2388 1023.
1192 2340 1333 2387 1043.
1364 2338 1506 2383 1044.
1533 2339 1673 2386 1555.
1698 2322 1842 2385 2256.
1861 2325 2008 2386 4328.
2033 2337 2180 2387 4493.
2202 2338 2352 2386 5¹13·

412 2406 467 2442 12
510 2427 520 2438 .

443 2409 586 2521 8807.
635 2456 699 2506 Et
737 2456 941 2504 laverunt
977 2457 1140 2516 vestes,
1174 2455 1301 2520 quod
1341 2455 1561 2518 fignificet
1594 2452 1960 2519 purificationem
1982 2466 2200 2504 verorum
2222 2453 2351 2513 fidei,

375 2522 546 2577 constat
568 2537 623 2569 ex
649 2522 735 2569 illis
760 2521 887 2585 supra
907 2539 963 2570 n:
991 2525 1139 2587 8789,
1179 2522 1258 2571 ubi
1282 2522 1443 2571 similia
1465 2520 1617 2572 verba.
2229 2533 2231 2535 ’

445 2591 586 2636 8808.
627 2587 691 2635 Et
728 2588 845 2635 dixit
882 2589 939 2636 ad
981 2589 1224 2653 populum,
1257 2587 1398 2636 estote
1432 2586 1573 2651 parati
1608 2586 1666 2636 ad
1701 2597 1787 2634 tres
1821 2584 1933 2642 dies,
1967 2585 2097 2649 quod
2131 2586 2356 2652 significet

377 2655 756 2720 praeparationem
782 2654 1064 2716 plenariam3
1097 2655 1271 2702 constat
1291 2669 1349 2701 ex
1373 2652 1460 2709 illis
1485 2655 1614 2718 supra
1631 2668 1690 2700 n:
1718 2654 1867 2714 8790,
1902 2650 1982 2698 ubi
2006 2651 2182 2702 similia.

443 2723 589 2783 8809.
625 2719 686 2766 Et
711 2735 765 2766 ne
790 2720 1013 2771 accedatis,
1049 2719 1107 2767 ad
1131 2720 1389 2775 mulierem,
1423 2720 1548 2782 quod
1591 2717 1811 2780 fignificet
1851 2717 2208 2780 purificationem
2241 2717 2352 2770 boni

379 2785 503 2842 fidei,
540 2784 713 2832 constat
735 2800 790 2831 ex
814 2800 887 2841 eo,
927 2785 1055 2849 quod
1083 2785 1295 2849 conjugia
1317 2784 1438 2848 apud
1463 2797 1649 2847 gentem
1685 2783 1971 2832 Israeliticam
1988 2783 2128 2832 effent
2149 2783 2352 2846 impura,

377 2853 485 2915 quia
504 2851 711 2899 interiora
728 2866 886 2898 eorum
903 2864 1028 2900 erant
1054 2850 1172 2899 faeda
1192 2873 1207 2906 ς
1241 2862 1368 2899 amor
1390 2852 1514 2898 enim
1532 2847 1798 2915 conjugialis
1819 2849 2048 2898 descendit
2062 2864 2119 2897 ex
2133 2848 2359 2914 conjugio,

380 2918 488 2975 boni
507 2918 558 2965 ὅτ
581 2918 676 2964 veri
696 2938 711 2970 ·‚
746 2933 881 2980 quare
906 2916 970 2964 illi
993 2920 1073 2979 qui
1092 2917 1245 2982 quoad
1272 2917 1482 2968 interiora
1505 2930 1597 2964 non
1622 2916 1668 2963 in
1692 2916 1815 2964 bono
1836 2916 1887 2964 &
1909 2928 2016 2962 vero
2037 2914 2159 2972 sunt,
2194 2930 2277 2963 nec
2300 2918 2357 2966 in·-

377 2981 595 3047 conjugio
622 2980 753 3046 puro
789 2982 878 3029 effe
912 2983 1111 3045 possunt,
1156 2985 1207 3032 &
1224 2984 1303 3048 qui
1327 2982 1482 3047 quoad
1506 2981 1717 3030 interiora
1734 2982 1781 3030 in
1797 2979 1999 3030 malo&
2019 2978 2127 3028 falso
2145 2980 2261 3038 sunt,
2294 2993 2356 3032 ut·

377 3047 453 3095 illa
473 3064 599 3110 genS,
634 3050 679 3096 in
692 3046 910 3111 conjugio
926 3049 1109 3112 impuro
1134 3049 1266 3105 sunt;
1285 3049 1393 3098 inde
1415 3047 1499 3106 est,
1522 3048 1663 3112 quod
1681 3063 1772 3096 non
1794 3044 2003 3097 accedere
2016 3045 2071 3092 ad
2088 3046 2347 3106 mulierem.

376 3114 431 3164 fit
451 3115 668 3166 abstinere
685 3115 742 3165 ab
759 3115 946 3180 impuro
965 3131 979 3164 ε
1002 3115 1127 3179 quod
1144 3131 1274 3167 amor
1297 3114 1564 3181 conjugialis
1584 3113 1822 3164 descendat
1839 3127 1908 3162 exa
1921 3109 2139 3178 conjugio
2156 3113 2351 3228 coelestii,

571 3198 578 3199 ff
2212 3195 2309 3245 quo
