<?xml version="1.0" encoding="UTF-8"?>
<!DOCTYPE html PUBLIC "-//W3C//DTD XHTML 1.0 Transitional//EN"
    "http://www.w3.org/TR/xhtml1/DTD/xhtml1-transitional.dtd">
<html xmlns="http://www.w3.org/1999/xhtml" xml:lang="en" lang="en">
 <head>
  <title>
</title>
<meta http-equiv="Content-Type" content="text/html;charset=utf-8" />
  <meta name='ocr-system' content='tesseract 3.04.00' />
  <meta name='ocr-capabilities' content='ocr_page ocr_carea ocr_par ocr_line ocrx_word'/>
</head>
<body>
  <div class='ocr_page' id='page_1' title='image "arcanacaelestiaq07sweduoft_0062.png"; bbox 0 0 2684 3672; ppageno 0'>
   <div class='ocr_carea' id='block_1_1' title="bbox 355 392 2379 3398">
    <p class='ocr_par' dir='ltr' id='par_1_1' title="bbox 364 392 2372 1315">
     <span class='ocr_line' id='line_1_1' title="bbox 365 392 2365 462; baseline 0.003 -20"><span class='ocrx_word' id='word_1_1' title='bbox 365 394 562 460; x_wconf 85' lang='lat' dir='ltr'>phidim‚</span> <span class='ocrx_word' id='word_1_2' title='bbox 599 392 818 458; x_wconf 74' lang='lat' dir='ltr'>significat</span> <span class='ocrx_word' id='word_1_3' title='bbox 840 392 1172 443; x_wconf 79' lang='lat' dir='ltr'>ordinationem</span> <span class='ocrx_word' id='word_1_4' title='bbox 1203 392 1465 441; x_wconf 81' lang='lat' dir='ltr'>interiorum</span> <span class='ocrx_word' id='word_1_5' title='bbox 1500 393 1557 440; x_wconf 91' lang='lat' dir='ltr'>ad</span> <span class='ocrx_word' id='word_1_6' title='bbox 1595 392 1870 441; x_wconf 75' lang='lat' dir='ltr'>subeundam</span> <span class='ocrx_word' id='word_1_7' title='bbox 1896 394 2187 446; x_wconf 74' lang='lat' dir='ltr'>tentationem</span> <span class='ocrx_word' id='word_1_8' title='bbox 2214 399 2365 462; x_wconf 78' lang='lat' dir='ltr'>quoad</span> 
     </span>
     <span class='ocr_line' id='line_1_2' title="bbox 368 459 2364 528; baseline 0.004 -21"><span class='ocrx_word' id='word_1_9' title='bbox 368 477 567 519; x_wconf 77' lang='lat' dir='ltr'>verum3</span> <span class='ocrx_word' id='word_1_10' title='bbox 621 460 716 526; x_wconf 82' lang='lat' dir='ltr'>ejus</span> <span class='ocrx_word' id='word_1_11' title='bbox 761 461 893 525; x_wconf 87' lang='lat' dir='ltr'>quale</span> <span class='ocrx_word' id='word_1_12' title='bbox 938 460 1003 508; x_wconf 89' lang='lat' dir='ltr'>est</span> <span class='ocrx_word' id='word_1_13' title='bbox 1042 459 1318 524; x_wconf 85' lang='lat' dir='ltr'>Rephidim:</span> <span class='ocrx_word' id='word_1_14' title='bbox 1359 461 1418 507; x_wconf 83' lang='lat'>-&amp;</span> <span class='ocrx_word' id='word_1_15' title='bbox 1454 459 1576 507; x_wconf 87' lang='lat' dir='ltr'>nulla</span> <span class='ocrx_word' id='word_1_16' title='bbox 1619 475 1734 524; x_wconf 88' lang='lat' dir='ltr'>aqua</span> <span class='ocrx_word' id='word_1_17' title='bbox 1778 460 1835 508; x_wconf 93' lang='lat' dir='ltr'>ad</span> <span class='ocrx_word' id='word_1_18' title='bbox 1879 460 2129 511; x_wconf 89' lang='lat' dir='ltr'>bibendum</span> <span class='ocrx_word' id='word_1_19' title='bbox 2170 467 2364 528; x_wconf 79' lang='lat' dir='ltr'>populo,</span> 
     </span>
     <span class='ocr_line' id='line_1_3' title="bbox 367 524 2362 594; baseline 0.002 -17"><span class='ocrx_word' id='word_1_20' title='bbox 367 527 588 593; x_wconf 68' lang='lat' dir='ltr'>significat</span> <span class='ocrx_word' id='word_1_21' title='bbox 634 527 864 576; x_wconf 63' lang='lat' dir='ltr'>defeffimrn</span> <span class='ocrx_word' id='word_1_22' title='bbox 912 528 1008 575; x_wconf 90' lang='lat' dir='ltr'>veri</span> <span class='ocrx_word' id='word_1_23' title='bbox 1055 528 1103 575; x_wconf 88' lang='grc' dir='ltr'>ὅτ</span> <span class='ocrx_word' id='word_1_24' title='bbox 1153 527 1257 574; x_wconf 84' lang='lat' dir='ltr'>inde</span> <span class='ocrx_word' id='word_1_25' title='bbox 1304 527 1614 576; x_wconf 64' lang='lat' dir='ltr'>recreationis:</span> <span class='ocrx_word' id='word_1_26' title='bbox 1675 530 1725 582; x_wconf 86' lang='lat'>&amp;</span> <span class='ocrx_word' id='word_1_27' title='bbox 1753 524 1965 591; x_wconf 86' lang='lat' dir='ltr'>jurgatus</span> <span class='ocrx_word' id='word_1_28' title='bbox 2010 531 2207 594; x_wconf 70' lang='lat' dir='ltr'>populus</span> <span class='ocrx_word' id='word_1_29' title='bbox 2253 549 2362 590; x_wconf 85' lang='lat' dir='ltr'>cum</span> 
     </span>
     <span class='ocr_line' id='line_1_4' title="bbox 371 594 2365 659; baseline 0.003 -16"><span class='ocrx_word' id='word_1_30' title='bbox 371 595 577 652; x_wconf 86' lang='lat' dir='ltr'>Mosche,</span> <span class='ocrx_word' id='word_1_31' title='bbox 613 595 845 659; x_wconf 50' lang='lat' dir='ltr'>fignificat*</span> <span class='ocrx_word' id='word_1_32' title='bbox 873 594 1204 658; x_wconf 82' lang='lat' dir='ltr'>querimoniam</span> <span class='ocrx_word' id='word_1_33' title='bbox 1243 609 1433 657; x_wconf 86' lang='lat' dir='ltr'>gravem</span> <span class='ocrx_word' id='word_1_34' title='bbox 1466 606 1622 641; x_wconf 83' lang='lat' dir='ltr'>contra</span> <span class='ocrx_word' id='word_1_35' title='bbox 1645 594 1820 642; x_wconf 88' lang='lat' dir='ltr'>Verum</span> <span class='ocrx_word' id='word_1_36' title='bbox 1845 595 2106 646; x_wconf 84' lang='lat' dir='ltr'>Divinum:</span> <span class='ocrx_word' id='word_1_37' title='bbox 2157 598 2207 647; x_wconf 83' lang='lat'>&amp;</span> <span class='ocrx_word' id='word_1_38' title='bbox 2238 600 2365 648; x_wconf 83' lang='lat' dir='ltr'>dixe-</span> 
     </span>
     <span class='ocr_line' id='line_1_5' title="bbox 372 659 2367 725; baseline 0.003 -16"><span class='ocrx_word' id='word_1_39' title='bbox 372 675 494 719; x_wconf 86' lang='lat' dir='ltr'>runt,</span> <span class='ocrx_word' id='word_1_40' title='bbox 530 663 631 710; x_wconf 88' lang='lat' dir='ltr'>date</span> <span class='ocrx_word' id='word_1_41' title='bbox 657 662 784 709; x_wconf 88' lang='lat' dir='ltr'>nobis</span> <span class='ocrx_word' id='word_1_42' title='bbox 809 677 993 725; x_wconf 86' lang='lat' dir='ltr'>aquarn,</span> <span class='ocrx_word' id='word_1_43' title='bbox 1028 661 1079 708; x_wconf 89' lang='grc' dir='ltr'>ὅτ</span> <span class='ocrx_word' id='word_1_44' title='bbox 1114 659 1339 717; x_wconf 78' lang='lat' dir='ltr'>bibamuS‚</span> <span class='ocrx_word' id='word_1_45' title='bbox 1376 659 1598 724; x_wconf 85' lang='lat' dir='ltr'>fignificat</span> <span class='ocrx_word' id='word_1_46' title='bbox 1637 663 1732 708; x_wconf 89' lang='lat' dir='ltr'>veri</span> <span class='ocrx_word' id='word_1_47' title='bbox 1769 660 1927 709; x_wconf 87' lang='lat' dir='ltr'>ardens</span> <span class='ocrx_word' id='word_1_48' title='bbox 1966 662 2268 714; x_wconf 78' lang='lat' dir='ltr'>desiderium:</span> <span class='ocrx_word' id='word_1_49' title='bbox 2316 668 2367 715; x_wconf 90' lang='grc' dir='ltr'>ὅτ</span> 
     </span>
     <span class='ocr_line' id='line_1_6' title="bbox 371 725 2365 797; baseline 0.003 -21"><span class='ocrx_word' id='word_1_50' title='bbox 371 730 488 777; x_wconf 85' lang='lat' dir='ltr'>dixit</span> <span class='ocrx_word' id='word_1_51' title='bbox 512 729 597 776; x_wconf 87' lang='lat' dir='ltr'>illis</span> <span class='ocrx_word' id='word_1_52' title='bbox 622 728 861 786; x_wconf 87' lang='lat' dir='ltr'>Moscheh‚</span> <span class='ocrx_word' id='word_1_53' title='bbox 897 727 1121 791; x_wconf 83' lang='lat' dir='ltr'>fignificat</span> <span class='ocrx_word' id='word_1_54' title='bbox 1143 725 1402 791; x_wconf 86' lang='lat' dir='ltr'>responsum</span> <span class='ocrx_word' id='word_1_55' title='bbox 1428 742 1508 790; x_wconf 87' lang='lat' dir='ltr'>per</span> <span class='ocrx_word' id='word_1_56' title='bbox 1540 728 1764 775; x_wconf 85' lang='lat' dir='ltr'>influxum</span> <span class='ocrx_word' id='word_1_57' title='bbox 1781 728 1835 774; x_wconf 78' lang='lat' dir='ltr'>in</span> <span class='ocrx_word' id='word_1_58' title='bbox 1859 730 2215 792; x_wconf 84' lang='lat' dir='ltr'>cogitationem:</span> <span class='ocrx_word' id='word_1_59' title='bbox 2251 733 2365 797; x_wconf 88' lang='lat' dir='ltr'>quid</span> 
     </span>
     <span class='ocr_line' id='line_1_7' title="bbox 364 791 2368 861; baseline 0.002 -18"><span class='ocrx_word' id='word_1_60' title='bbox 364 794 615 861; x_wconf 85' lang='lat' dir='ltr'>jurgamini</span> <span class='ocrx_word' id='word_1_61' title='bbox 649 798 851 851; x_wconf 87' lang='lat' dir='ltr'>mecum,</span> <span class='ocrx_word' id='word_1_62' title='bbox 890 793 1111 859; x_wconf 82' lang='lat' dir='ltr'>significat</span> <span class='ocrx_word' id='word_1_63' title='bbox 1143 799 1195 841; x_wconf 79' lang='lat' dir='ltr'>&#39;u‘t</span> <span class='ocrx_word' id='word_1_64' title='bbox 1220 794 1539 841; x_wconf 68' lang='lat' dir='ltr'>moderatiores</span> <span class='ocrx_word' id='word_1_65' title='bbox 1562 791 1608 841; x_wconf 72' lang='lat' dir='ltr'>in</span> <span class='ocrx_word' id='word_1_66' title='bbox 1630 795 1914 858; x_wconf 82' lang='lat' dir='ltr'>querimonia</span> <span class='ocrx_word' id='word_1_67' title='bbox 1936 793 2053 844; x_wconf 76' lang='lat' dir='ltr'>sint:</span> <span class='ocrx_word' id='word_1_68' title='bbox 2089 798 2202 860; x_wconf 90' lang='lat' dir='ltr'>quid</span> <span class='ocrx_word' id='word_1_69' title='bbox 2222 810 2368 848; x_wconf 87' lang='lat' dir='ltr'>tenta-</span> 
     </span>
     <span class='ocr_line' id='line_1_8' title="bbox 370 858 2372 927; baseline 0.002 -16"><span class='ocrx_word' id='word_1_70' title='bbox 370 859 428 923; x_wconf 62' lang='grc' dir='ltr'>ἑῇς</span> <span class='ocrx_word' id='word_1_71' title='bbox 449 862 694 922; x_wconf 75' lang='lat' dir='ltr'>jehovam,</span> <span class='ocrx_word' id='word_1_72' title='bbox 740 861 962 927; x_wconf 81' lang='lat' dir='ltr'>significat</span> <span class='ocrx_word' id='word_1_73' title='bbox 999 860 1126 926; x_wconf 87' lang='lat' dir='ltr'>quod</span> <span class='ocrx_word' id='word_1_74' title='bbox 1159 873 1317 909; x_wconf 87' lang='lat' dir='ltr'>contra</span> <span class='ocrx_word' id='word_1_75' title='bbox 1350 861 1577 908; x_wconf 88' lang='lat' dir='ltr'>Divinum</span> <span class='ocrx_word' id='word_1_76' title='bbox 1613 861 1672 910; x_wconf 89' lang='lat' dir='ltr'>de</span> <span class='ocrx_word' id='word_1_77' title='bbox 1707 858 1840 924; x_wconf 79' lang='lat' dir='ltr'>‚cujus</span> <span class='ocrx_word' id='word_1_78' title='bbox 1878 877 1966 926; x_wconf 92' lang='lat' dir='ltr'>ope</span> <span class='ocrx_word' id='word_1_79' title='bbox 2007 861 2268 927; x_wconf 85' lang='lat' dir='ltr'>desperant:</span> <span class='ocrx_word' id='word_1_80' title='bbox 2318 867 2372 915; x_wconf 83' lang='grc' dir='ltr'>ὅτ</span> 
     </span>
     <span class='ocr_line' id='line_1_9' title="bbox 372 924 2370 994; baseline 0.003 -17"><span class='ocrx_word' id='word_1_81' title='bbox 372 930 511 978; x_wconf 82' lang='lat' dir='ltr'>sitivit</span> <span class='ocrx_word' id='word_1_82' title='bbox 546 928 607 978; x_wconf 79' lang='lat' dir='ltr'>ibi</span> <span class='ocrx_word' id='word_1_83' title='bbox 636 929 848 994; x_wconf 82' lang='lat' dir='ltr'>populus</span> <span class='ocrx_word' id='word_1_84' title='bbox 879 939 1041 994; x_wconf 68' lang='lat' dir='ltr'>aquas,</span> <span class='ocrx_word' id='word_1_85' title='bbox 1087 924 1311 993; x_wconf 81' lang='lat' dir='ltr'>fignificat</span> <span class='ocrx_word' id='word_1_86' title='bbox 1353 926 1687 976; x_wconf 71' lang='lat' dir='ltr'>increscentiam</span> <span class='ocrx_word' id='word_1_87' title='bbox 1730 928 1935 976; x_wconf 79' lang='lat' dir='ltr'>desiderii</span> <span class='ocrx_word' id='word_1_88' title='bbox 1969 930 2046 976; x_wconf 58' lang='lat' dir='ltr'>ad*</span> <span class='ocrx_word' id='word_1_89' title='bbox 2062 940 2256 981; x_wconf 85' lang='lat' dir='ltr'>verum:</span> <span class='ocrx_word' id='word_1_90' title='bbox 2316 933 2370 982; x_wconf 87' lang='grc' dir='ltr'>ὅτ</span> 
     </span>
     <span class='ocr_line' id='line_1_10' title="bbox 374 993 2371 1063; baseline 0.002 -19"><span class='ocrx_word' id='word_1_91' title='bbox 374 998 679 1044; x_wconf 87' lang='lat' dir='ltr'>murmuravit</span> <span class='ocrx_word' id='word_1_92' title='bbox 711 993 910 1060; x_wconf 67' lang='lat' dir='ltr'>populus</span> <span class='ocrx_word' id='word_1_93' title='bbox 948 1006 1107 1044; x_wconf 87' lang='lat' dir='ltr'>contra</span> <span class='ocrx_word' id='word_1_94' title='bbox 1139 993 1382 1051; x_wconf 85' lang='lat' dir='ltr'>Moschen,</span> <span class='ocrx_word' id='word_1_95' title='bbox 1435 993 1658 1058; x_wconf 75' lang='lat' dir='ltr'>significat</span> <span class='ocrx_word' id='word_1_96' title='bbox 1693 994 1938 1044; x_wconf 84' lang='lat' dir='ltr'>indolentis</span> <span class='ocrx_word' id='word_1_97' title='bbox 1985 997 2182 1060; x_wconf 85' lang='lat' dir='ltr'>gradum</span> <span class='ocrx_word' id='word_1_98' title='bbox 2225 997 2371 1063; x_wconf 87' lang='lat' dir='ltr'>majo-</span> 
     </span>
     <span class='ocr_line' id='line_1_11' title="bbox 372 1061 2369 1127; baseline 0.002 -17"><span class='ocrx_word' id='word_1_99' title='bbox 372 1079 500 1111; x_wconf 90' lang='lat' dir='ltr'>rem:</span> <span class='ocrx_word' id='word_1_100' title='bbox 563 1079 700 1126; x_wconf 88' lang='lat' dir='ltr'>quare</span> <span class='ocrx_word' id='word_1_101' title='bbox 738 1063 825 1111; x_wconf 90' lang='lat' dir='ltr'>hoc</span> <span class='ocrx_word' id='word_1_102' title='bbox 865 1062 1098 1111; x_wconf 87' lang='lat' dir='ltr'>ascendere</span> <span class='ocrx_word' id='word_1_103' title='bbox 1135 1061 1276 1110; x_wconf 89' lang='lat' dir='ltr'>fecisti</span> <span class='ocrx_word' id='word_1_104' title='bbox 1325 1077 1408 1109; x_wconf 91' lang='lat' dir='ltr'>nos</span> <span class='ocrx_word' id='word_1_105' title='bbox 1453 1077 1510 1114; x_wconf 85' lang='lat' dir='ltr'>ex</span> <span class='ocrx_word' id='word_1_106' title='bbox 1548 1062 1779 1127; x_wconf 86' lang='lat' dir='ltr'>AEgypto,</span> <span class='ocrx_word' id='word_1_107' title='bbox 1814 1062 2038 1127; x_wconf 82' lang='lat' dir='ltr'>significat</span> <span class='ocrx_word' id='word_1_108' title='bbox 2075 1080 2158 1112; x_wconf 91' lang='lat' dir='ltr'>cur</span> <span class='ocrx_word' id='word_1_109' title='bbox 2198 1065 2369 1115; x_wconf 82' lang='lat' dir='ltr'>liberati</span> 
     </span>
     <span class='ocr_line' id='line_1_12' title="bbox 372 1127 2367 1198; baseline 0.002 -21"><span class='ocrx_word' id='word_1_110' title='bbox 372 1130 527 1178; x_wconf 88' lang='lat' dir='ltr'>sumus</span> <span class='ocrx_word' id='word_1_111' title='bbox 561 1145 617 1176; x_wconf 86' lang='lat' dir='ltr'>ex</span> <span class='ocrx_word' id='word_1_112' title='bbox 653 1127 1039 1193; x_wconf 78' lang='lat' dir='ltr'>infestationibus:</span> <span class='ocrx_word' id='word_1_113' title='bbox 1100 1128 1158 1176; x_wconf 72' lang='lat' dir='ltr'>ad</span> <span class='ocrx_word' id='word_1_114' title='bbox 1194 1127 1453 1177; x_wconf 81' lang='lat' dir='ltr'>faciendum</span> <span class='ocrx_word' id='word_1_115' title='bbox 1489 1130 1607 1177; x_wconf 87' lang='lat' dir='ltr'>mori</span> <span class='ocrx_word' id='word_1_116' title='bbox 1647 1145 1739 1185; x_wconf 89' lang='lat' dir='ltr'>me,</span> <span class='ocrx_word' id='word_1_117' title='bbox 1780 1129 1830 1178; x_wconf 86' lang='lat'>&amp;</span> <span class='ocrx_word' id='word_1_118' title='bbox 1864 1128 1982 1177; x_wconf 86' lang='lat' dir='ltr'>filios</span> <span class='ocrx_word' id='word_1_119' title='bbox 2019 1146 2164 1189; x_wconf 86' lang='lat' dir='ltr'>meos,</span> <span class='ocrx_word' id='word_1_120' title='bbox 2204 1133 2254 1181; x_wconf 89' lang='lat'>&amp;</span> <span class='ocrx_word' id='word_1_121' title='bbox 2287 1149 2367 1198; x_wconf 87' lang='lat' dir='ltr'>pe-</span> 
     </span>
     <span class='ocr_line' id='line_1_13' title="bbox 374 1191 2368 1265; baseline 0.003 -21"><span class='ocrx_word' id='word_1_122' title='bbox 374 1213 479 1244; x_wconf 87' lang='lat' dir='ltr'>cora</span> <span class='ocrx_word' id='word_1_123' title='bbox 527 1212 644 1254; x_wconf 88' lang='lat' dir='ltr'>mea,</span> <span class='ocrx_word' id='word_1_124' title='bbox 695 1196 781 1254; x_wconf 82' lang='lat' dir='ltr'>siti,</span> <span class='ocrx_word' id='word_1_125' title='bbox 834 1195 1067 1260; x_wconf 61' lang='lat' dir='ltr'>fignificetx</span> <span class='ocrx_word' id='word_1_126' title='bbox 1101 1207 1155 1243; x_wconf 91' lang='lat' dir='ltr'>ut</span> <span class='ocrx_word' id='word_1_127' title='bbox 1203 1211 1261 1243; x_wconf 88' lang='lat' dir='ltr'>ex</span> <span class='ocrx_word' id='word_1_128' title='bbox 1298 1191 1480 1243; x_wconf 65' lang='lat' dir='ltr'>defeftu</span> <span class='ocrx_word' id='word_1_129' title='bbox 1519 1195 1616 1244; x_wconf 81' lang='lat' dir='ltr'>veri</span> <span class='ocrx_word' id='word_1_130' title='bbox 1651 1195 1846 1260; x_wconf 75' lang='lat' dir='ltr'>exspiret</span> <span class='ocrx_word' id='word_1_131' title='bbox 1890 1211 2029 1244; x_wconf 88' lang='lat' dir='ltr'>omne</span> <span class='ocrx_word' id='word_1_132' title='bbox 2075 1199 2188 1247; x_wconf 85' lang='lat' dir='ltr'>vitae</span> <span class='ocrx_word' id='word_1_133' title='bbox 2239 1198 2368 1265; x_wconf 88' lang='lat' dir='ltr'>spiri-</span> 
     </span>
     <span class='ocr_line' id='line_1_14' title="bbox 372 1263 2025 1315; baseline 0.001 -2"><span class='ocrx_word' id='word_1_134' title='bbox 372 1263 518 1313; x_wconf 72' lang='lat' dir='ltr'>tualis.</span> <span class='ocrx_word' id='word_1_135' title='bbox 613 1284 616 1286; x_wconf 95' lang='lat'>·</span> <span class='ocrx_word' id='word_1_136' title='bbox 1177 1285 1184 1293; x_wconf 89' lang='grc'><em>·</em></span> <span class='ocrx_word' id='word_1_137' title='bbox 1897 1298 1900 1302; x_wconf 86' lang='lat'>.</span> <span class='ocrx_word' id='word_1_138' title='bbox 2024 1310 2025 1315; x_wconf 72' lang='grc'>,</span> 
     </span>
    </p>

    <p class='ocr_par' dir='ltr' id='par_1_2' title="bbox 371 1323 2372 1864">
     <span class='ocr_line' id='line_1_15' title="bbox 444 1323 2368 1398; baseline 0.002 -18.998"><span class='ocrx_word' id='word_1_139' title='bbox 443 1336 588 1396; x_wconf 87' lang='grc'><strong>8557.</strong></span> <span class='ocrx_word' id='word_1_140' title='bbox 625 1330 690 1379; x_wconf 89' lang='lat' dir='ltr'>Et</span> <span class='ocrx_word' id='word_1_141' title='bbox 712 1327 903 1397; x_wconf 67' lang='lat' dir='ltr'>profecti</span> <span class='ocrx_word' id='word_1_142' title='bbox 936 1327 1039 1379; x_wconf 88' lang='lat' dir='ltr'>sunt</span> <span class='ocrx_word' id='word_1_143' title='bbox 1071 1329 1222 1379; x_wconf 86' lang='lat' dir='ltr'>omnis</span> <span class='ocrx_word' id='word_1_144' title='bbox 1246 1334 1388 1379; x_wconf 75' lang='lat' dir='ltr'>caet&#39;us</span> <span class='ocrx_word' id='word_1_145' title='bbox 1420 1323 1623 1377; x_wconf 74' lang='lat' dir='ltr'>filiorum</span> <span class='ocrx_word' id='word_1_146' title='bbox 1645 1326 1828 1386; x_wconf 74' lang='lat' dir='ltr'>Israelis,</span> <span class='ocrx_word' id='word_1_147' title='bbox 1862 1329 1988 1395; x_wconf 82' lang='lat' dir='ltr'>quod</span> <span class='ocrx_word' id='word_1_148' title='bbox 2013 1327 2238 1394; x_wconf 79' lang='lat' dir='ltr'>fignificet</span> <span class='ocrx_word' id='word_1_149' title='bbox 2259 1348 2368 1398; x_wconf 89' lang='lat' dir='ltr'>pro-</span> 
     </span>
     <span class='ocr_line' id='line_1_16' title="bbox 410 1386 2371 1462; baseline 0.002 -17"><span class='ocrx_word' id='word_1_150' title='bbox 410 1399 619 1445; x_wconf 68' lang='lat' dir='ltr'>·reffivurfi</span> <span class='ocrx_word' id='word_1_151' title='bbox 653 1398 763 1445; x_wconf 66' lang='lat' dir='ltr'>vitae</span> <span class='ocrx_word' id='word_1_152' title='bbox 782 1449 785 1459; x_wconf 33' lang='lat' dir='ltr'><em>s</em></span> <span class='ocrx_word' id='word_1_153' title='bbox 803 1392 1055 1461; x_wconf 77' lang='lat' dir='ltr'>spiritualis,</span> <span class='ocrx_word' id='word_1_154' title='bbox 1098 1386 1271 1445; x_wconf 78' lang='lat' dir='ltr'>constat</span> <span class='ocrx_word' id='word_1_155' title='bbox 1292 1403 1350 1445; x_wconf 73' lang='lat' dir='ltr'>ex</span> <span class='ocrx_word' id='word_1_156' title='bbox 1371 1395 1697 1461; x_wconf 76' lang='lat' dir='ltr'>fignificatione</span> <span class='ocrx_word' id='word_1_157' title='bbox 1730 1392 1972 1460; x_wconf 74' lang='lat' dir='ltr'>proficisci,</span> <span class='ocrx_word' id='word_1_158' title='bbox 2002 1398 2130 1462; x_wconf 77' lang='lat' dir='ltr'>quod</span> <span class='ocrx_word' id='word_1_159' title='bbox 2166 1399 2222 1447; x_wconf 83' lang='lat' dir='ltr'>fit</span> <span class='ocrx_word' id='word_1_160' title='bbox 2261 1401 2371 1460; x_wconf 59' lang='lat' dir='ltr'>vitae</span> 
     </span>
     <span class='ocr_line' id='line_1_17' title="bbox 372 1414 2365 1578; baseline 0.002 -65"><span class='ocrx_word' id='word_1_161' title='bbox 372 1414 665 1513; x_wconf 54' lang='lat' dir='ltr'>fficcemvum</span> <span class='ocrx_word' id='word_1_162' title='bbox 707 1464 756 1513; x_wconf 85' lang='lat'>&amp;</span> <span class='ocrx_word' id='word_1_163' title='bbox 795 1465 1094 1533; x_wconf 83' lang='lat' dir='ltr'>continuum,</span> <span class='ocrx_word' id='word_1_164' title='bbox 1139 1463 1196 1511; x_wconf 89' lang='lat' dir='ltr'>de</span> <span class='ocrx_word' id='word_1_165' title='bbox 1240 1477 1331 1528; x_wconf 88' lang='lat' dir='ltr'>qua</span> <span class='ocrx_word' id='word_1_166' title='bbox 1369 1478 1431 1512; x_wconf 85' lang='lat' dir='ltr'>n:</span> <span class='ocrx_word' id='word_1_167' title='bbox 1458 1475 1602 1528; x_wconf 83' lang='lat'><strong>4375.</strong></span> <span class='ocrx_word' id='word_1_168' title='bbox 1647 1479 1797 1526; x_wconf 84' lang='lat'><strong>4554.</strong></span> <span class='ocrx_word' id='word_1_169' title='bbox 1838 1468 1987 1526; x_wconf 56' lang='lat'>4‘585.</span> <span class='ocrx_word' id='word_1_170' title='bbox 2033 1464 2179 1578; x_wconf 43' lang='lat'><strong>2996.</strong></span> <span class='ocrx_word' id='word_1_171' title='bbox 2222 1470 2365 1516; x_wconf 77' lang='lat'><em>8181.</em></span> 
     </span>
     <span class='ocr_line' id='line_1_18' title="bbox 376 1527 2371 1599; baseline 0.001 -19"><span class='ocrx_word' id='word_1_172' title='bbox 376 1537 402 1580; x_wconf 86' lang='lat'><em>8</em></span> <span class='ocrx_word' id='word_1_173' title='bbox 411 1547 521 1596; x_wconf 81' lang='lat'><strong>345.</strong></span> <span class='ocrx_word' id='word_1_174' title='bbox 549 1534 573 1579; x_wconf 87' lang='lat'><em>8</em></span> <span class='ocrx_word' id='word_1_175' title='bbox 582 1542 698 1598; x_wconf 71' lang='lat'>397,</span> <span class='ocrx_word' id='word_1_176' title='bbox 733 1530 806 1579; x_wconf 92' lang='lat' dir='ltr'>hic</span> <span class='ocrx_word' id='word_1_177' title='bbox 830 1530 1124 1591; x_wconf 79' lang='lat' dir='ltr'>succeffivum</span> <span class='ocrx_word' id='word_1_178' title='bbox 1153 1529 1226 1578; x_wconf 90' lang='lat' dir='ltr'>seu</span> <span class='ocrx_word' id='word_1_179' title='bbox 1251 1531 1585 1595; x_wconf 74' lang='lat' dir='ltr'>progroffivum</span> <span class='ocrx_word' id='word_1_180' title='bbox 1610 1530 1719 1578; x_wconf 81' lang='lat' dir='ltr'>vitae</span> <span class='ocrx_word' id='word_1_181' title='bbox 1742 1527 1995 1594; x_wconf 83' lang='lat' dir='ltr'>spiritualis,</span> <span class='ocrx_word' id='word_1_182' title='bbox 2071 1546 2127 1579; x_wconf 88' lang='lat' dir='ltr'>oc</span> <span class='ocrx_word' id='word_1_183' title='bbox 2158 1531 2239 1590; x_wconf 86' lang='lat' dir='ltr'>est,</span> <span class='ocrx_word' id='word_1_184' title='bbox 2270 1531 2371 1599; x_wconf 72' lang='lat' dir='ltr'>vejus</span> 
     </span>
     <span class='ocr_line' id='line_1_19' title="bbox 371 1595 2372 1665; baseline 0.001 -19"><span class='ocrx_word' id='word_1_185' title='bbox 371 1597 723 1656; x_wconf 75' lang='lat' dir='ltr'>incrementum,</span> <span class='ocrx_word' id='word_1_186' title='bbox 763 1597 892 1663; x_wconf 89' lang='lat' dir='ltr'>quod</span> <span class='ocrx_word' id='word_1_187' title='bbox 926 1595 980 1646; x_wconf 84' lang='lat' dir='ltr'>fit</span> <span class='ocrx_word' id='word_1_188' title='bbox 1011 1598 1226 1647; x_wconf 82' lang='lat' dir='ltr'>continue</span> <span class='ocrx_word' id='word_1_189' title='bbox 1259 1607 1342 1662; x_wconf 84' lang='lat' dir='ltr'>per</span> <span class='ocrx_word' id='word_1_190' title='bbox 1377 1597 1672 1646; x_wconf 80' lang='lat' dir='ltr'>tentationes:</span> <span class='ocrx_word' id='word_1_191' title='bbox 1719 1595 1851 1661; x_wconf 89' lang='lat' dir='ltr'>quod</span> <span class='ocrx_word' id='word_1_192' title='bbox 1884 1597 1977 1645; x_wconf 86' lang='lat' dir='ltr'>vita</span> <span class='ocrx_word' id='word_1_193' title='bbox 2010 1595 2249 1661; x_wconf 86' lang='lat' dir='ltr'>spiritualis</span> <span class='ocrx_word' id='word_1_194' title='bbox 2287 1615 2372 1665; x_wconf 84' lang='lat' dir='ltr'>per</span> 
     </span>
     <span class='ocr_line' id='line_1_20' title="bbox 373 1662 2368 1729; baseline 0.002 -17"><span class='ocrx_word' id='word_1_195' title='bbox 373 1665 639 1713; x_wconf 87' lang='lat' dir='ltr'>tentationes</span> <span class='ocrx_word' id='word_1_196' title='bbox 675 1664 853 1722; x_wconf 86' lang='lat' dir='ltr'>crescat,</span> <span class='ocrx_word' id='word_1_197' title='bbox 894 1663 958 1713; x_wconf 90' lang='lat' dir='ltr'>est</span> <span class='ocrx_word' id='word_1_198' title='bbox 991 1666 1097 1729; x_wconf 86' lang='lat' dir='ltr'>quia</span> <span class='ocrx_word' id='word_1_199' title='bbox 1131 1679 1253 1712; x_wconf 48' lang='lat' dir='ltr'>verax</span> <span class='ocrx_word' id='word_1_200' title='bbox 1272 1680 1380 1728; x_wconf 84' lang='lat' dir='ltr'>quae</span> <span class='ocrx_word' id='word_1_201' title='bbox 1418 1663 1527 1712; x_wconf 83' lang='lat' dir='ltr'>fidei</span> <span class='ocrx_word' id='word_1_202' title='bbox 1562 1663 1760 1728; x_wconf 79' lang='lat' dir='ltr'>perillas</span> <span class='ocrx_word' id='word_1_203' title='bbox 1784 1662 2130 1722; x_wconf 84' lang='lat' dir='ltr'>confirmantur,</span> <span class='ocrx_word' id='word_1_204' title='bbox 2171 1667 2222 1715; x_wconf 99' lang='grc' dir='ltr'>ὅτ</span> <span class='ocrx_word' id='word_1_205' title='bbox 2256 1674 2368 1716; x_wconf 87' lang='lat' dir='ltr'>cum</span> 
     </span>
     <span class='ocr_line' id='line_1_21' title="bbox 372 1730 2371 1799; baseline 0.002 -20"><span class='ocrx_word' id='word_1_206' title='bbox 372 1732 498 1780; x_wconf 76' lang='lat' dir='ltr'>bono</span> <span class='ocrx_word' id='word_1_207' title='bbox 535 1732 661 1795; x_wconf 91' lang='lat' dir='ltr'>quod</span> <span class='ocrx_word' id='word_1_208' title='bbox 701 1731 929 1780; x_wconf 82' lang='lat' dir='ltr'>charitatis·</span> <span class='ocrx_word' id='word_1_209' title='bbox 957 1730 1331 1796; x_wconf 86' lang='lat' dir='ltr'>conjunguntur:</span> <span class='ocrx_word' id='word_1_210' title='bbox 1376 1730 1505 1796; x_wconf 88' lang='lat' dir='ltr'>quod</span> <span class='ocrx_word' id='word_1_211' title='bbox 1544 1742 1686 1779; x_wconf 83' lang='lat' dir='ltr'>caetus</span> <span class='ocrx_word' id='word_1_212' title='bbox 1724 1730 1929 1780; x_wconf 86' lang='lat' dir='ltr'>filiorum</span> <span class='ocrx_word' id='word_1_213' title='bbox 1964 1731 2130 1780; x_wconf 78' lang='lat' dir='ltr'>Israeiis</span> <span class='ocrx_word' id='word_1_214' title='bbox 2161 1732 2251 1782; x_wconf 83' lang='lat' dir='ltr'>fint</span> <span class='ocrx_word' id='word_1_215' title='bbox 2284 1735 2371 1799; x_wconf 87' lang='lat' dir='ltr'>qui</span> 
     </span>
     <span class='ocr_line' id='line_1_22' title="bbox 375 1798 1583 1864; baseline -0.002 -17"><span class='ocrx_word' id='word_1_216' title='bbox 375 1798 432 1847; x_wconf 84' lang='lat' dir='ltr'>ab</span> <span class='ocrx_word' id='word_1_217' title='bbox 455 1798 653 1847; x_wconf 79' lang='lat' dir='ltr'>Ecclesia</span> <span class='ocrx_word' id='word_1_218' title='bbox 676 1798 908 1863; x_wconf 68' lang='lat' dir='ltr'>spirituali,</span> <span class='ocrx_word' id='word_1_219' title='bbox 943 1798 1149 1847; x_wconf 87' lang='lat' dir='ltr'>videatur</span> <span class='ocrx_word' id='word_1_220' title='bbox 1183 1814 1244 1847; x_wconf 89' lang='lat' dir='ltr'>n:</span> <span class='ocrx_word' id='word_1_221' title='bbox 1266 1802 1410 1864; x_wconf 85' lang='lat'><em>7830.</em></span> <span class='ocrx_word' id='word_1_222' title='bbox 1435 1802 1583 1863; x_wconf 87' lang='lat'><em>7843.</em></span> 
     </span>
    </p>

    <p class='ocr_par' dir='ltr' id='par_1_3' title="bbox 372 1863 2372 2131">
     <span class='ocr_line' id='line_1_23' title="bbox 446 1863 2369 1930; baseline 0.002 -18"><span class='ocrx_word' id='word_1_223' title='bbox 446 1867 588 1928; x_wconf 86' lang='lat'><em>8558.</em></span> <span class='ocrx_word' id='word_1_224' title='bbox 625 1868 679 1929; x_wconf 31' lang='lat' dir='ltr'>A·</span> <span class='ocrx_word' id='word_1_225' title='bbox 712 1865 884 1914; x_wconf 88' lang='lat' dir='ltr'>deserto</span> <span class='ocrx_word' id='word_1_226' title='bbox 924 1865 1021 1923; x_wconf 90' lang='lat' dir='ltr'>Sin,</span> <span class='ocrx_word' id='word_1_227' title='bbox 1060 1865 1187 1929; x_wconf 90' lang='lat' dir='ltr'>quod</span> <span class='ocrx_word' id='word_1_228' title='bbox 1224 1864 1445 1928; x_wconf 77' lang='lat' dir='ltr'>significet</span> <span class='ocrx_word' id='word_1_229' title='bbox 1482 1881 1509 1912; x_wconf 86' lang='lat' dir='ltr'>a</span> <span class='ocrx_word' id='word_1_230' title='bbox 1543 1863 1659 1913; x_wconf 90' lang='lat' dir='ltr'>statu</span> <span class='ocrx_word' id='word_1_231' title='bbox 1695 1864 1955 1914; x_wconf 87' lang='lat' dir='ltr'>tentationis</span> <span class='ocrx_word' id='word_1_232' title='bbox 1982 1865 2135 1930; x_wconf 88' lang='lat' dir='ltr'>quoad</span> <span class='ocrx_word' id='word_1_233' title='bbox 2171 1865 2369 1927; x_wconf 87' lang='lat' dir='ltr'>bonum,</span> 
     </span>
     <span class='ocr_line' id='line_1_24' title="bbox 374 1928 2372 1999; baseline 0.002 -19"><span class='ocrx_word' id='word_1_234' title='bbox 374 1932 547 1980; x_wconf 84' lang='lat' dir='ltr'>constat</span> <span class='ocrx_word' id='word_1_235' title='bbox 580 1948 635 1980; x_wconf 87' lang='lat' dir='ltr'>ex</span> <span class='ocrx_word' id='word_1_236' title='bbox 659 1931 981 1996; x_wconf 78' lang='lat' dir='ltr'>significatione</span> <span class='ocrx_word' id='word_1_237' title='bbox 1003 1932 1178 1990; x_wconf 89' lang='lat' dir='ltr'>deserti,</span> <span class='ocrx_word' id='word_1_238' title='bbox 1218 1928 1347 1995; x_wconf 90' lang='lat' dir='ltr'>quod</span> <span class='ocrx_word' id='word_1_239' title='bbox 1376 1930 1432 1981; x_wconf 87' lang='lat' dir='ltr'>fit</span> <span class='ocrx_word' id='word_1_240' title='bbox 1452 1929 1590 1990; x_wconf 85' lang='lat' dir='ltr'>status</span> <span class='ocrx_word' id='word_1_241' title='bbox 1615 1929 1841 1981; x_wconf 82' lang='lat' dir='ltr'>&#39;subeundi</span> <span class='ocrx_word' id='word_1_242' title='bbox 1875 1933 2160 1991; x_wconf 79' lang='lat' dir='ltr'>tentationeS,</span> <span class='ocrx_word' id='word_1_243' title='bbox 2200 1933 2258 1982; x_wconf 88' lang='lat' dir='ltr'>de</span> <span class='ocrx_word' id='word_1_244' title='bbox 2278 1950 2372 1999; x_wconf 81' lang='lat' dir='ltr'>qua</span> 
     </span>
     <span class='ocr_line' id='line_1_25' title="bbox 372 1995 2368 2065; baseline 0.001 -17"><span class='ocrx_word' id='word_1_245' title='bbox 372 2016 403 2048; x_wconf 90' lang='lat' dir='ltr'>n</span> <span class='ocrx_word' id='word_1_246' title='bbox 423 2017 432 2045; x_wconf 74' lang='grc' dir='ltr'>ι</span> <span class='ocrx_word' id='word_1_247' title='bbox 456 2000 599 2048; x_wconf 88' lang='lat'><em>6828.</em></span> <span class='ocrx_word' id='word_1_248' title='bbox 626 1995 788 2065; x_wconf 78' lang='lat'><em>8098&#39;3</em></span> <span class='ocrx_word' id='word_1_249' title='bbox 831 1999 880 2046; x_wconf 80' lang='grc' dir='ltr'>ὅτ</span> <span class='ocrx_word' id='word_1_250' title='bbox 903 2014 960 2047; x_wconf 88' lang='lat' dir='ltr'>ex</span> <span class='ocrx_word' id='word_1_251' title='bbox 981 1998 1306 2063; x_wconf 72' lang='lat' dir='ltr'>significatione</span> <span class='ocrx_word' id='word_1_252' title='bbox 1329 1999 1427 2058; x_wconf 86' lang='lat' dir='ltr'>Sin,</span> <span class='ocrx_word' id='word_1_253' title='bbox 1465 1998 1593 2063; x_wconf 87' lang='lat' dir='ltr'>quod</span> <span class='ocrx_word' id='word_1_254' title='bbox 1614 1996 1671 2047; x_wconf 82' lang='lat' dir='ltr'>fit</span> <span class='ocrx_word' id='word_1_255' title='bbox 1691 1997 1824 2063; x_wconf 79' lang='lat' dir='ltr'>quale</span> <span class='ocrx_word' id='word_1_256' title='bbox 1857 1999 1909 2048; x_wconf 88' lang='grc' dir='ltr'>ὅτ</span> <span class='ocrx_word' id='word_1_257' title='bbox 1931 1997 2073 2049; x_wconf 81' lang='lat' dir='ltr'>status</span> <span class='ocrx_word' id='word_1_258' title='bbox 2105 2001 2368 2051; x_wconf 86' lang='lat' dir='ltr'>tentationis</span> 
     </span>
     <span class='ocr_line' id='line_1_26' title="bbox 374 2065 2326 2131; baseline 0.001 -19"><span class='ocrx_word' id='word_1_259' title='bbox 374 2065 528 2131; x_wconf 82' lang='lat' dir='ltr'>quoad</span> <span class='ocrx_word' id='word_1_260' title='bbox 554 2066 745 2123; x_wconf 83' lang='lat' dir='ltr'>bonum,</span> <span class='ocrx_word' id='word_1_261' title='bbox 782 2065 839 2113; x_wconf 90' lang='lat' dir='ltr'>de</span> <span class='ocrx_word' id='word_1_262' title='bbox 861 2076 951 2130; x_wconf 82' lang='lat' dir='ltr'>qua</span> <span class='ocrx_word' id='word_1_263' title='bbox 983 2068 1210 2131; x_wconf 75' lang='lat'>11:8398.</span> <span class='ocrx_word' id='word_1_264' title='bbox 1717 2096 1722 2101; x_wconf 77' lang='lat'>,</span> <span class='ocrx_word' id='word_1_265' title='bbox 2197 2112 2199 2114; x_wconf 84' lang='lat'>.</span> <span class='ocrx_word' id='word_1_266' title='bbox 2319 2087 2326 2097; x_wconf 59' lang='lat'>·&gt;</span> 
     </span>
    </p>

    <p class='ocr_par' dir='ltr' id='par_1_4' title="bbox 373 2130 2374 3063">
     <span class='ocr_line' id='line_1_27' title="bbox 445 2130 2368 2198; baseline 0.003 -19"><span class='ocrx_word' id='word_1_267' title='bbox 445 2133 587 2198; x_wconf 84' lang='grc'><strong>8559.</strong></span> <span class='ocrx_word' id='word_1_268' title='bbox 625 2132 890 2180; x_wconf 87' lang='lat' dir='ltr'>Secundum</span> <span class='ocrx_word' id='word_1_269' title='bbox 928 2130 1256 2197; x_wconf 68' lang='lat' dir='ltr'>profeffioneS,</span> <span class='ocrx_word' id='word_1_270' title='bbox 1290 2131 1426 2197; x_wconf 38' lang='lat' dir='ltr'>quod*</span> <span class='ocrx_word' id='word_1_271' title='bbox 1458 2131 1682 2196; x_wconf 78' lang='lat' dir='ltr'>significet</span> <span class='ocrx_word' id='word_1_272' title='bbox 1718 2131 1970 2182; x_wconf 81' lang='lat' dir='ltr'>secundum</span> <span class='ocrx_word' id='word_1_273' title='bbox 2005 2134 2123 2182; x_wconf 64' lang='lat' dir='ltr'>‘vitae</span> <span class='ocrx_word' id='word_1_274' title='bbox 2149 2133 2368 2184; x_wconf 53' lang='lat' dir='ltr'>⁴ordinent</span> 
     </span>
     <span class='ocr_line' id='line_1_28' title="bbox 375 2198 2370 2266; baseline 0.002 -20"><span class='ocrx_word' id='word_1_275' title='bbox 375 2199 431 2247; x_wconf 89' lang='lat' dir='ltr'>ad</span> <span class='ocrx_word' id='word_1_276' title='bbox 472 2202 577 2247; x_wconf 88' lang='lat' dir='ltr'>coeli</span> <span class='ocrx_word' id='word_1_277' title='bbox 619 2202 759 2247; x_wconf 83' lang='lat' dir='ltr'>vitam</span> <span class='ocrx_word' id='word_1_278' title='bbox 799 2199 1126 2263; x_wconf 86' lang='lat' dir='ltr'>accipiendam,</span> <span class='ocrx_word' id='word_1_279' title='bbox 1174 2198 1346 2247; x_wconf 87' lang='lat' dir='ltr'>constat</span> <span class='ocrx_word' id='word_1_280' title='bbox 1385 2216 1443 2247; x_wconf 87' lang='lat' dir='ltr'>ex</span> <span class='ocrx_word' id='word_1_281' title='bbox 1481 2199 1805 2263; x_wconf 77' lang='lat' dir='ltr'>significatione</span> <span class='ocrx_word' id='word_1_282' title='bbox 1843 2198 2198 2264; x_wconf 65' lang='lat' dir='ltr'>profectionum,</span> <span class='ocrx_word' id='word_1_283' title='bbox 2239 2202 2370 2266; x_wconf 86' lang='lat' dir='ltr'>quod</span> 
     </span>
     <span class='ocr_line' id='line_1_29' title="bbox 374 2265 2371 2335; baseline 0.002 -22"><span class='ocrx_word' id='word_1_284' title='bbox 374 2267 460 2313; x_wconf 79' lang='lat' dir='ltr'>sint</span> <span class='ocrx_word' id='word_1_285' title='bbox 494 2270 821 2331; x_wconf 84' lang='lat' dir='ltr'>progreffivum</span> <span class='ocrx_word' id='word_1_286' title='bbox 851 2267 957 2313; x_wconf 82' lang='lat' dir='ltr'>vitae</span> <span class='ocrx_word' id='word_1_287' title='bbox 988 2265 1242 2330; x_wconf 78' lang='lat' dir='ltr'>spiritualis,</span> <span class='ocrx_word' id='word_1_288' title='bbox 1279 2265 1340 2314; x_wconf 87' lang='lat' dir='ltr'>de</span> <span class='ocrx_word' id='word_1_289' title='bbox 1376 2282 1470 2331; x_wconf 85' lang='lat' dir='ltr'>qua</span> <span class='ocrx_word' id='word_1_290' title='bbox 1496 2281 1618 2314; x_wconf 83' lang='lat' dir='ltr'>mox</span> <span class='ocrx_word' id='word_1_291' title='bbox 1652 2265 1781 2335; x_wconf 88' lang='lat' dir='ltr'>supra</span> <span class='ocrx_word' id='word_1_292' title='bbox 1815 2271 2047 2331; x_wconf 78' lang='lat' dir='ltr'>n28557,</span> <span class='ocrx_word' id='word_1_293' title='bbox 2084 2267 2290 2316; x_wconf 83' lang='lat' dir='ltr'>ita-vitae</span> <span class='ocrx_word' id='word_1_294' title='bbox 2313 2269 2371 2322; x_wconf 88' lang='lat' dir='ltr'>il-</span> 
     </span>
     <span class='ocr_line' id='line_1_30' title="bbox 373 2330 2374 2398; baseline 0.001 -18"><span class='ocrx_word' id='word_1_295' title='bbox 373 2331 460 2380; x_wconf 85' lang='lat' dir='ltr'>lius</span> <span class='ocrx_word' id='word_1_296' title='bbox 482 2333 612 2389; x_wconf 83' lang='lat' dir='ltr'>ordO,</span> <span class='ocrx_word' id='word_1_297' title='bbox 648 2350 713 2380; x_wconf 87' lang='lat' dir='ltr'>n:</span> <span class='ocrx_word' id='word_1_298' title='bbox 742 2340 890 2398; x_wconf 70' lang='lat'>1293:</span> <span class='ocrx_word' id='word_1_299' title='bbox 937 2332 1065 2397; x_wconf 91' lang='lat' dir='ltr'>quod</span> <span class='ocrx_word' id='word_1_300' title='bbox 1099 2331 1153 2380; x_wconf 84' lang='lat' dir='ltr'>s1t</span> <span class='ocrx_word' id='word_1_301' title='bbox 1192 2332 1249 2380; x_wconf 83' lang='lat' dir='ltr'>ad</span> <span class='ocrx_word' id='word_1_302' title='bbox 1286 2332 1394 2381; x_wconf 89' lang='lat' dir='ltr'>coeli</span> <span class='ocrx_word' id='word_1_303' title='bbox 1427 2333 1572 2381; x_wconf 82' lang='lat' dir='ltr'>vitam</span> <span class='ocrx_word' id='word_1_304' title='bbox 1610 2332 1937 2397; x_wconf 74' lang='lat' dir='ltr'>accipiendam,</span> <span class='ocrx_word' id='word_1_305' title='bbox 1972 2330 2170 2397; x_wconf 81' lang='lat' dir='ltr'>estquia</span> <span class='ocrx_word' id='word_1_306' title='bbox 2200 2349 2250 2382; x_wconf 84' lang='lat' dir='ltr'>ea</span> <span class='ocrx_word' id='word_1_307' title='bbox 2272 2335 2374 2383; x_wconf 86' lang='lat' dir='ltr'>vita</span> 
     </span>
     <span class='ocr_line' id='line_1_31' title="bbox 375 2398 2368 2465; baseline 0.003 -19"><span class='ocrx_word' id='word_1_308' title='bbox 375 2399 567 2447; x_wconf 86' lang='lat' dir='ltr'>donatur</span> <span class='ocrx_word' id='word_1_309' title='bbox 591 2399 766 2446; x_wconf 85' lang='lat' dir='ltr'>homini</span> <span class='ocrx_word' id='word_1_310' title='bbox 790 2416 814 2453; x_wconf 81' lang='lat' dir='ltr'>a</span> <span class='ocrx_word' id='word_1_311' title='bbox 837 2400 1044 2451; x_wconf 89' lang='lat' dir='ltr'>Domino</span> <span class='ocrx_word' id='word_1_312' title='bbox 1079 2415 1161 2464; x_wconf 71' lang='lat' dir='ltr'>per</span> <span class='ocrx_word' id='word_1_313' title='bbox 1174 2400 1463 2461; x_wconf 80' lang='lat' dir='ltr'>tentationes,</span> <span class='ocrx_word' id='word_1_314' title='bbox 1498 2415 1606 2465; x_wconf 86' lang='lat' dir='ltr'>quae</span> <span class='ocrx_word' id='word_1_315' title='bbox 1629 2398 1941 2448; x_wconf 86' lang='lat' dir='ltr'>describuntur</span> <span class='ocrx_word' id='word_1_316' title='bbox 1962 2414 2044 2464; x_wconf 88' lang='lat' dir='ltr'>per</span> <span class='ocrx_word' id='word_1_317' title='bbox 2064 2398 2368 2463; x_wconf 66' lang='lat' dir='ltr'>profectiones</span> 
     </span>
     <span class='ocr_line' id='line_1_32' title="bbox 375 2459 2370 2529; baseline 0.003 -17"><span class='ocrx_word' id='word_1_318' title='bbox 375 2466 575 2514; x_wconf 86' lang='lat' dir='ltr'>filiorum</span> <span class='ocrx_word' id='word_1_319' title='bbox 599 2466 763 2515; x_wconf 87' lang='lat' dir='ltr'>Israelis</span> <span class='ocrx_word' id='word_1_320' title='bbox 801 2467 847 2513; x_wconf 88' lang='lat' dir='ltr'>in</span> <span class='ocrx_word' id='word_1_321' title='bbox 874 2464 1064 2514; x_wconf 83' lang='lat' dir='ltr'>deserto.</span> <span class='ocrx_word' id='word_1_322' title='bbox 1132 2466 1244 2516; x_wconf 75' lang='lat' dir='ltr'>Vita</span> <span class='ocrx_word' id='word_1_323' title='bbox 1273 2465 1382 2514; x_wconf 71' lang='lat' dir='ltr'>coefi</span> <span class='ocrx_word' id='word_1_324' title='bbox 1418 2465 1482 2514; x_wconf 80' lang='lat' dir='ltr'>est</span> <span class='ocrx_word' id='word_1_325' title='bbox 1513 2466 1623 2515; x_wconf 82' lang='lat' dir='ltr'>d&#39;uci</span> <span class='ocrx_word' id='word_1_326' title='bbox 1653 2459 1910 2515; x_wconf 22' lang='lat' dir='ltr'>aiDomino</span> <span class='ocrx_word' id='word_1_327' title='bbox 1941 2473 2024 2529; x_wconf 75' lang='lat' dir='ltr'>per</span> <span class='ocrx_word' id='word_1_328' title='bbox 2059 2465 2266 2516; x_wconf 88' lang='lat' dir='ltr'>bonum:</span> <span class='ocrx_word' id='word_1_329' title='bbox 2315 2480 2370 2518; x_wconf 87' lang='lat' dir='ltr'>ut</span> 
     </span>
     <span class='ocr_line' id='line_1_33' title="bbox 377 2532 2367 2597; baseline 0.002 -18"><span class='ocrx_word' id='word_1_330' title='bbox 377 2533 434 2579; x_wconf 87' lang='lat' dir='ltr'>ad</span> <span class='ocrx_word' id='word_1_331' title='bbox 472 2533 594 2580; x_wconf 84' lang='lat' dir='ltr'>illam</span> <span class='ocrx_word' id='word_1_332' title='bbox 635 2534 777 2580; x_wconf 89' lang='lat' dir='ltr'>vitam</span> <span class='ocrx_word' id='word_1_333' title='bbox 817 2534 965 2580; x_wconf 87' lang='lat' dir='ltr'>veniat</span> <span class='ocrx_word' id='word_1_334' title='bbox 1004 2533 1163 2591; x_wconf 89' lang='lat' dir='ltr'>homo,</span> <span class='ocrx_word' id='word_1_335' title='bbox 1215 2533 1557 2597; x_wconf 89' lang='lat' dir='ltr'>implantabitur</span> <span class='ocrx_word' id='word_1_336' title='bbox 1594 2533 1769 2586; x_wconf 80' lang='lat' dir='ltr'>botrum</span> <span class='ocrx_word' id='word_1_337' title='bbox 1807 2548 1890 2597; x_wconf 88' lang='lat' dir='ltr'>per</span> <span class='ocrx_word' id='word_1_338' title='bbox 1927 2548 2108 2590; x_wconf 87' lang='lat' dir='ltr'>verum,</span> <span class='ocrx_word' id='word_1_339' title='bbox 2156 2532 2246 2582; x_wconf 91' lang='lat' dir='ltr'>hoc</span> <span class='ocrx_word' id='word_1_340' title='bbox 2282 2534 2367 2593; x_wconf 87' lang='lat' dir='ltr'>est,</span> 
     </span>
     <span class='ocr_line' id='line_1_34' title="bbox 379 2596 2368 2664; baseline 0.002 -18"><span class='ocrx_word' id='word_1_341' title='bbox 379 2599 565 2647; x_wconf 85' lang='lat' dir='ltr'>charitas</span> <span class='ocrx_word' id='word_1_342' title='bbox 603 2615 684 2663; x_wconf 84' lang='lat' dir='ltr'>per</span> <span class='ocrx_word' id='word_1_343' title='bbox 724 2596 899 2656; x_wconf 81' lang='lat' dir='ltr'>fidem;</span> <span class='ocrx_word' id='word_1_344' title='bbox 945 2599 1168 2664; x_wconf 73' lang='lat' dir='ltr'>quamdiu</span> <span class='ocrx_word' id='word_1_345' title='bbox 1205 2598 1298 2647; x_wconf 85' lang='lat' dir='ltr'>hoc</span> <span class='ocrx_word' id='word_1_346' title='bbox 1333 2599 1405 2658; x_wconf 85' lang='lat' dir='ltr'>fit,</span> <span class='ocrx_word' id='word_1_347' title='bbox 1457 2599 1601 2648; x_wconf 87' lang='lat' dir='ltr'>horno</span> <span class='ocrx_word' id='word_1_348' title='bbox 1639 2599 1800 2647; x_wconf 79' lang='lat' dir='ltr'>invia</span> <span class='ocrx_word' id='word_1_349' title='bbox 1835 2598 1892 2646; x_wconf 91' lang='lat' dir='ltr'>ad</span> <span class='ocrx_word' id='word_1_350' title='bbox 1930 2598 2105 2648; x_wconf 89' lang='lat' dir='ltr'>coelum</span> <span class='ocrx_word' id='word_1_351' title='bbox 2150 2599 2230 2658; x_wconf 86' lang='lat' dir='ltr'>est,</span> <span class='ocrx_word' id='word_1_352' title='bbox 2290 2600 2368 2650; x_wconf 85' lang='lat' dir='ltr'>sed</span> 
     </span>
     <span class='ocr_line' id='line_1_35' title="bbox 378 2665 2369 2731; baseline 0.002 -19"><span class='ocrx_word' id='word_1_353' title='bbox 378 2666 586 2713; x_wconf 88' lang='lat' dir='ltr'>nondum</span> <span class='ocrx_word' id='word_1_354' title='bbox 625 2668 669 2713; x_wconf 88' lang='lat' dir='ltr'>in</span> <span class='ocrx_word' id='word_1_355' title='bbox 710 2667 864 2722; x_wconf 80' lang='lat' dir='ltr'>coeio-,</span> <span class='ocrx_word' id='word_1_356' title='bbox 913 2679 1055 2730; x_wconf 87' lang='lat' dir='ltr'>utque</span> <span class='ocrx_word' id='word_1_357' title='bbox 1089 2679 1201 2714; x_wconf 91' lang='lat' dir='ltr'>tunc</span> <span class='ocrx_word' id='word_1_358' title='bbox 1246 2682 1352 2715; x_wconf 85' lang='lat' dir='ltr'>vera</span> <span class='ocrx_word' id='word_1_359' title='bbox 1399 2682 1506 2731; x_wconf 88' lang='lat' dir='ltr'>quae</span> <span class='ocrx_word' id='word_1_360' title='bbox 1547 2665 1656 2713; x_wconf 89' lang='lat' dir='ltr'>fidei</span> <span class='ocrx_word' id='word_1_361' title='bbox 1700 2665 2046 2724; x_wconf 86' lang='lat' dir='ltr'>confirmentur,</span> <span class='ocrx_word' id='word_1_362' title='bbox 2095 2667 2146 2715; x_wconf 87' lang='lat'>&amp;</span> <span class='ocrx_word' id='word_1_363' title='bbox 2183 2682 2369 2731; x_wconf 84' lang='lat' dir='ltr'>quoque</span> 
     </span>
     <span class='ocr_line' id='line_1_36' title="bbox 378 2724 2369 2796; baseline 0.002 -17"><span class='ocrx_word' id='word_1_364' title='bbox 378 2730 714 2796; x_wconf 83' lang='lat' dir='ltr'>conjungantur</span> <span class='ocrx_word' id='word_1_365' title='bbox 752 2733 889 2788; x_wconf 89' lang='lat' dir='ltr'>bono,</span> <span class='ocrx_word' id='word_1_366' title='bbox 938 2732 1137 2780; x_wconf 85' lang='lat' dir='ltr'>mittitur</span> <span class='ocrx_word' id='word_1_367' title='bbox 1183 2732 1328 2780; x_wconf 88' lang='lat' dir='ltr'>homo</span> <span class='ocrx_word' id='word_1_368' title='bbox 1366 2734 1415 2780; x_wconf 88' lang='lat' dir='ltr'>in</span> <span class='ocrx_word' id='word_1_369' title='bbox 1458 2732 1743 2790; x_wconf 86' lang='lat' dir='ltr'>tentationes,</span> <span class='ocrx_word' id='word_1_370' title='bbox 1798 2724 1921 2780; x_wconf 73' lang='lat' dir='ltr'>nam‘</span> <span class='ocrx_word' id='word_1_371' title='bbox 1953 2732 2027 2780; x_wconf 88' lang='lat' dir='ltr'>hae</span> <span class='ocrx_word' id='word_1_372' title='bbox 2072 2730 2177 2793; x_wconf 22' lang='lat' dir='ltr'>sunt·</span> <span class='ocrx_word' id='word_1_373' title='bbox 2215 2734 2369 2783; x_wconf 76' lang='lat' dir='ltr'>media</span> 
     </span>
     <span class='ocr_line' id='line_1_37' title="bbox 378 2797 2366 2864; baseline 0.001 -17"><span class='ocrx_word' id='word_1_374' title='bbox 378 2797 706 2863; x_wconf 65' lang='lat' dir='ltr'>conjunctionis</span> <span class='ocrx_word' id='word_1_375' title='bbox 740 2798 848 2846; x_wconf 89' lang='lat' dir='ltr'>boni</span> <span class='ocrx_word' id='word_1_376' title='bbox 879 2800 930 2847; x_wconf 84' lang='lat'>&amp;</span> <span class='ocrx_word' id='word_1_377' title='bbox 958 2799 1088 2856; x_wconf 86' lang='lat' dir='ltr'>veri;</span> <span class='ocrx_word' id='word_1_378' title='bbox 1127 2814 1236 2847; x_wconf 88' lang='lat' dir='ltr'>cum</span> <span class='ocrx_word' id='word_1_379' title='bbox 1270 2799 1422 2863; x_wconf 88' lang='lat' dir='ltr'>itaque</span> <span class='ocrx_word' id='word_1_380' title='bbox 1453 2798 1596 2847; x_wconf 89' lang='lat' dir='ltr'>homo</span> <span class='ocrx_word' id='word_1_381' title='bbox 1629 2801 1676 2847; x_wconf 90' lang='lat' dir='ltr'>in</span> <span class='ocrx_word' id='word_1_382' title='bbox 1711 2798 1836 2847; x_wconf 89' lang='lat' dir='ltr'>bono</span> <span class='ocrx_word' id='word_1_383' title='bbox 1866 2798 1947 2857; x_wconf 87' lang='lat' dir='ltr'>est,</span> <span class='ocrx_word' id='word_1_384' title='bbox 1983 2799 2072 2848; x_wconf 92' lang='lat' dir='ltr'>hoc</span> <span class='ocrx_word' id='word_1_385' title='bbox 2105 2798 2186 2856; x_wconf 85' lang='lat' dir='ltr'>est,</span> <span class='ocrx_word' id='word_1_386' title='bbox 2219 2800 2277 2864; x_wconf 82' lang='lat' dir='ltr'>in</span> <span class='ocrx_word' id='word_1_387' title='bbox 2300 2798 2366 2848; x_wconf 88' lang='lat' dir='ltr'>af-</span> 
     </span>
     <span class='ocr_line' id='line_1_38' title="bbox 376 2864 2367 2931; baseline 0.002 -19"><span class='ocrx_word' id='word_1_388' title='bbox 376 2866 568 2914; x_wconf 67' lang='lat' dir='ltr'>fectione</span> <span class='ocrx_word' id='word_1_389' title='bbox 608 2864 798 2913; x_wconf 86' lang='lat' dir='ltr'>faciendi</span> <span class='ocrx_word' id='word_1_390' title='bbox 834 2866 1009 2914; x_wconf 81' lang='lat' dir='ltr'>bonum</span> <span class='ocrx_word' id='word_1_391' title='bbox 1046 2878 1233 2931; x_wconf 87' lang='lat' dir='ltr'>propter</span> <span class='ocrx_word' id='word_1_392' title='bbox 1273 2864 1468 2924; x_wconf 83' lang='lat' dir='ltr'>bonum,</span> <span class='ocrx_word' id='word_1_393' title='bbox 1513 2865 1574 2913; x_wconf 83' lang='lat' dir='ltr'>ita</span> <span class='ocrx_word' id='word_1_394' title='bbox 1612 2877 1799 2930; x_wconf 86' lang='lat' dir='ltr'>propter</span> <span class='ocrx_word' id='word_1_395' title='bbox 1837 2866 2121 2930; x_wconf 83' lang='lat' dir='ltr'>proximum,</span> <span class='ocrx_word' id='word_1_396' title='bbox 2168 2877 2280 2915; x_wconf 91' lang='lat' dir='ltr'>tunc</span> <span class='ocrx_word' id='word_1_397' title='bbox 2317 2867 2367 2916; x_wconf 74' lang='lat' dir='ltr'>in</span> 
     </span>
     <span class='ocr_line' id='line_1_39' title="bbox 378 2930 2364 2997; baseline 0.003 -18"><span class='ocrx_word' id='word_1_398' title='bbox 378 2933 550 2980; x_wconf 69' lang='lat' dir='ltr'>&#39;coelum</span> <span class='ocrx_word' id='word_1_399' title='bbox 574 2932 787 2990; x_wconf 85' lang='lat' dir='ltr'>elevatur,</span> <span class='ocrx_word' id='word_1_400' title='bbox 821 2932 885 2979; x_wconf 77' lang='lat' dir='ltr'>est</span> <span class='ocrx_word' id='word_1_401' title='bbox 906 2933 1030 2980; x_wconf 87' lang='lat' dir='ltr'>enim</span> <span class='ocrx_word' id='word_1_402' title='bbox 1054 2935 1099 2980; x_wconf 91' lang='lat' dir='ltr'>in</span> <span class='ocrx_word' id='word_1_403' title='bbox 1122 2933 1280 2980; x_wconf 87' lang='lat' dir='ltr'>ordine</span> <span class='ocrx_word' id='word_1_404' title='bbox 1309 2932 1434 2990; x_wconf 79' lang='lat' dir='ltr'>coeii,</span> <span class='ocrx_word' id='word_1_405' title='bbox 1470 2933 1520 2980; x_wconf 92' lang='grc' dir='ltr'>ὅτ</span> <span class='ocrx_word' id='word_1_406' title='bbox 1552 2949 1633 2997; x_wconf 87' lang='lat' dir='ltr'>per</span> <span class='ocrx_word' id='word_1_407' title='bbox 1666 2932 1838 2981; x_wconf 84' lang='lat' dir='ltr'>bonurn</span> <span class='ocrx_word' id='word_1_408' title='bbox 1873 2949 1898 2981; x_wconf 88' lang='lat' dir='ltr'>a</span> <span class='ocrx_word' id='word_1_409' title='bbox 1919 2930 2126 2981; x_wconf 82' lang='lat' dir='ltr'>Domino</span> <span class='ocrx_word' id='word_1_410' title='bbox 2147 2931 2333 2986; x_wconf 86' lang='lat' dir='ltr'>ducitur</span> <span class='ocrx_word' id='word_1_411' title='bbox 2349 2952 2364 2983; x_wconf 79' lang='lat' dir='ltr'><strong><em>z</em></strong></span> 
     </span>
     <span class='ocr_line' id='line_1_40' title="bbox 377 2997 2313 3063; baseline 0.001 -17"><span class='ocrx_word' id='word_1_412' title='bbox 377 3015 434 3046; x_wconf 85' lang='lat' dir='ltr'>ex</span> <span class='ocrx_word' id='word_1_413' title='bbox 470 3000 535 3047; x_wconf 86' lang='lat' dir='ltr'>his</span> <span class='ocrx_word' id='word_1_414' title='bbox 559 2997 756 3049; x_wconf 85' lang='lat' dir='ltr'>constare</span> <span class='ocrx_word' id='word_1_415' title='bbox 779 2997 924 3063; x_wconf 87' lang='lat' dir='ltr'>potest</span> <span class='ocrx_word' id='word_1_416' title='bbox 956 2999 1067 3063; x_wconf 89' lang='lat' dir='ltr'>quid</span> <span class='ocrx_word' id='word_1_417' title='bbox 1093 2998 1359 3062; x_wconf 61' lang='lat' dir='ltr'>intelligitur</span> <span class='ocrx_word' id='word_1_418' title='bbox 1384 3015 1475 3063; x_wconf 86' lang='lat' dir='ltr'>-per</span> <span class='ocrx_word' id='word_1_419' title='bbox 1494 3001 1638 3047; x_wconf 84' lang='lat' dir='ltr'>vitam</span> <span class='ocrx_word' id='word_1_420' title='bbox 1660 2999 1786 3048; x_wconf 79' lang='lat' dir='ltr'>coeli.</span> <span class='ocrx_word' id='word_1_421' title='bbox 2311 3001 2313 3003; x_wconf 74' lang='grc'>’</span> 
     </span>
    </p>

    <p class='ocr_par' dir='ltr' id='par_1_5' title="bbox 355 3063 2374 3378">
     <span class='ocr_line' id='line_1_41' title="bbox 450 3063 2369 3130; baseline 0 -16"><span class='ocrx_word' id='word_1_422' title='bbox 450 3067 591 3128; x_wconf 87' lang='grc'><strong>8560.</strong></span> <span class='ocrx_word' id='word_1_423' title='bbox 633 3066 713 3114; x_wconf 91' lang='lat' dir='ltr'>Ad</span> <span class='ocrx_word' id='word_1_424' title='bbox 755 3081 806 3114; x_wconf 89' lang='lat' dir='ltr'>os</span> <span class='ocrx_word' id='word_1_425' title='bbox 830 3065 1053 3127; x_wconf 64' lang='lat' dir='ltr'>jehovae,</span> <span class='ocrx_word' id='word_1_426' title='bbox 1093 3067 1220 3129; x_wconf 86' lang='lat' dir='ltr'>quod</span> <span class='ocrx_word' id='word_1_427' title='bbox 1260 3065 1481 3130; x_wconf 75' lang='lat' dir='ltr'>significet</span> <span class='ocrx_word' id='word_1_428' title='bbox 1518 3067 1569 3113; x_wconf 85' lang='grc' dir='ltr'>ὅτ</span> <span class='ocrx_word' id='word_1_429' title='bbox 1607 3066 1900 3114; x_wconf 79' lang='lat' dir='ltr'>Providentia</span> <span class='ocrx_word' id='word_1_430' title='bbox 1939 3063 2169 3127; x_wconf 44' lang='lat' dir='ltr'>Domini„</span> <span class='ocrx_word' id='word_1_431' title='bbox 2192 3064 2369 3114; x_wconf 74' lang='lat' dir='ltr'>constat</span> 
     </span>
     <span class='ocr_line' id='line_1_42' title="bbox 376 3129 2367 3196; baseline 0.002 -18"><span class='ocrx_word' id='word_1_432' title='bbox 376 3146 434 3178; x_wconf 78' lang='lat' dir='ltr'>ex</span> <span class='ocrx_word' id='word_1_433' title='bbox 473 3133 795 3195; x_wconf 75' lang='lat' dir='ltr'>significatione</span> <span class='ocrx_word' id='word_1_434' title='bbox 829 3133 918 3179; x_wconf 86' lang='lat' dir='ltr'>oris</span> <span class='ocrx_word' id='word_1_435' title='bbox 956 3132 1165 3193; x_wconf 81' lang='lat' dir='ltr'>Jehovae,</span> <span class='ocrx_word' id='word_1_436' title='bbox 1208 3134 1335 3196; x_wconf 86' lang='lat' dir='ltr'>quod</span> <span class='ocrx_word' id='word_1_437' title='bbox 1374 3133 1429 3180; x_wconf 87' lang='lat' dir='ltr'>fit</span> <span class='ocrx_word' id='word_1_438' title='bbox 1467 3133 1644 3179; x_wconf 80' lang='lat' dir='ltr'>Verum</span> <span class='ocrx_word' id='word_1_439' title='bbox 1685 3133 1913 3179; x_wconf 85' lang='lat' dir='ltr'>Divinum</span> <span class='ocrx_word' id='word_1_440' title='bbox 1947 3129 2203 3181; x_wconf 19' lang='lat' dir='ltr'>secundum*</span> <span class='ocrx_word' id='word_1_441' title='bbox 2235 3131 2367 3196; x_wconf 55' lang='lat' dir='ltr'>&gt;quod</span> 
     </span>
     <span class='ocr_line' id='line_1_43' title="bbox 355 3196 2370 3262; baseline 0.001 -18"><span class='ocrx_word' id='word_1_442' title='bbox 355 3198 524 3254; x_wconf 74' lang='lat' dir='ltr'>³duffi,</span> <span class='ocrx_word' id='word_1_443' title='bbox 571 3214 676 3246; x_wconf 85' lang='lat' dir='ltr'>nam</span> <span class='ocrx_word' id='word_1_444' title='bbox 711 3213 761 3247; x_wconf 90' lang='lat' dir='ltr'>os</span> <span class='ocrx_word' id='word_1_445' title='bbox 800 3199 992 3261; x_wconf 72' lang='lat' dir='ltr'>jeho&#39;vae</span> <span class='ocrx_word' id='word_1_446' title='bbox 1028 3198 1100 3245; x_wconf 88' lang='lat' dir='ltr'>hic</span> <span class='ocrx_word' id='word_1_447' title='bbox 1135 3213 1221 3262; x_wconf 88' lang='lat' dir='ltr'>pro</span> <span class='ocrx_word' id='word_1_448' title='bbox 1259 3199 1490 3247; x_wconf 83' lang='lat' dir='ltr'>enuntiato</span> <span class='ocrx_word' id='word_1_449' title='bbox 1526 3199 1720 3255; x_wconf 88' lang='lat' dir='ltr'>Divino,</span> <span class='ocrx_word' id='word_1_450' title='bbox 1762 3200 1811 3246; x_wconf 88' lang='lat'>&amp;</span> <span class='ocrx_word' id='word_1_451' title='bbox 1849 3197 2000 3247; x_wconf 51' lang='lat' dir='ltr'>ductu,</span> <span class='ocrx_word' id='word_1_452' title='bbox 2031 3196 2281 3247; x_wconf 84' lang='lat' dir='ltr'>secundum</span> <span class='ocrx_word' id='word_1_453' title='bbox 2319 3199 2370 3247; x_wconf 80' lang='lat' dir='ltr'>id</span> 
     </span>
     <span class='ocr_line' id='line_1_44' title="bbox 378 3262 2374 3378; baseline 0.002 -66"><span class='ocrx_word' id='word_1_454' title='bbox 378 3266 613 3329; x_wconf 80' lang='lat' dir='ltr'>accipitur,</span> <span class='ocrx_word' id='word_1_455' title='bbox 649 3265 774 3328; x_wconf 81' lang='lat' dir='ltr'>quod</span> <span class='ocrx_word' id='word_1_456' title='bbox 807 3265 871 3315; x_wconf 87' lang='lat' dir='ltr'>est</span> <span class='ocrx_word' id='word_1_457' title='bbox 895 3262 1200 3315; x_wconf 71' lang='lat' dir='ltr'>Providentia,</span> <span class='ocrx_word' id='word_1_458' title='bbox 1274 3264 1567 3316; x_wconf 74' lang='lat' dir='ltr'>Providentia</span> <span class='ocrx_word' id='word_1_459' title='bbox 1587 3266 1761 3314; x_wconf 83' lang='lat' dir='ltr'>Divina</span> <span class='ocrx_word' id='word_1_460' title='bbox 1791 3264 1847 3314; x_wconf 85' lang='lat' dir='ltr'>ab</span> <span class='ocrx_word' id='word_1_461' title='bbox 1880 3265 2010 3316; x_wconf 85' lang='lat' dir='ltr'>omni</span> <span class='ocrx_word' id='word_1_462' title='bbox 2043 3265 2298 3378; x_wconf 30' lang='lat' dir='ltr'>aliosducffqtu</span> <span class='ocrx_word' id='word_1_463' title='bbox 2319 3267 2374 3315; x_wconf 77' lang='grc' dir='ltr'>ὅτ</span> 
     </span>
    </p>

    <p class='ocr_par' dir='ltr' id='par_1_6' title="bbox 2103 3348 2379 3398">
     <span class='ocr_line' id='line_1_45' title="bbox 2103 3348 2379 3398; baseline -0.004 -18"><span class='ocrx_word' id='word_1_464' title='bbox 2103 3383 2105 3389; x_wconf 19' lang='lat' dir='ltr'>y</span> <span class='ocrx_word' id='word_1_465' title='bbox 2178 3348 2233 3380; x_wconf 90' lang='lat' dir='ltr'>au</span> <span class='ocrx_word' id='word_1_466' title='bbox 2254 3348 2379 3398; x_wconf 74' lang='lat' dir='ltr'>picio</span> 
     </span>
    </p>
   </div>
  </div>
 </body>
</html>
