2722 3684
588 155 900 243 CAPUT
940 125 1438 236 VIGESIMUM
1507 170 1980 256 QJARTUM.
2181 189 2313 257 503

343 294 543 358 separato
562 291 623 340 ab
660 290 839 338 interno
869 285 995 343 effer,
1032 282 1359 346 consequenter
1380 283 1428 331 in
1454 283 1589 333 simili
1611 285 1754 341 cultu,
1791 294 1916 347 patet
1947 282 2181 333 manifeste
2203 302 2230 333 a
2252 287 2320 335 se-

339 359 615 423 quentibus;
650 353 751 420 post
775 351 1076 419 quadraginta
1107 349 1231 396 enirn
1268 348 1365 396 dies
1394 351 1655 398 recefferunt
1686 352 1884 413 prorsus,
1918 350 1972 400 &
2004 350 2206 399 vitulum
2238 366 2319 400 au·

338 441 471 474 reum
490 439 575 488 pro
591 420 801 483 Jehovah
821 418 1093 467 coluerunt:
1127 426 1403 479 quapropter
1422 417 1561 465 etiam
1585 415 1816 464 Moscheh
1833 428 1939 464 tunc
1960 431 1986 464 e
2009 433 2148 467 manu
2172 414 2321 481 proje-

335 491 400 538 cit
423 491 614 546 tabulas,
650 488 700 535 &
725 485 862 549 fregit
882 499 988 538 eas·,
1023 482 1072 530 δε
1096 479 1250 545 postea
1265 480 1410 544 juffus
1442 482 1602 531 dolare
1635 482 1744 530 alias
1776 482 1964 538 tabulas,
2001 483 2128 546 super
2150 484 2320 548 quibus

337 554 629 604 scriberentur
652 552 810 600 eadem
834 550 1004 603 verba;
1073 562 1120 594 er
1135 543 1262 610 quod
1285 546 1636 610 significabatur,
1660 547 1786 612 quod
1811 548 2005 611 populus
2029 549 2104 596 ille
2128 551 2319 597 nullate·

337 614 422 670 nus
443 622 685 683 agnoscere
709 617 844 664 vellet
866 564 1327 679 aliquocfdoetrinale
1348 629 1407 662 ex
1442 613 1567 661 sensu
1592 614 1772 661 interno
1792 614 1953 669 Verbi,
1989 616 2122 679 quale
2166 616 2230 663 est
2267 617 2318 662 in

337 688 480 743 coelo,
518 686 590 734 sed
612 685 755 733 modo
772 697 830 730 ex
849 681 972 729 sensu
996 678 1088 740 ejus
1105 690 1294 726 externo
1327 677 1530 742 separato
1552 681 1610 727 ab
1632 682 1830 737 interno,
1864 680 1998 745 quale
2019 680 2156 728 etiam
2181 680 2319 728 hodie

337 753 463 815 apud
488 752 590 801 illos
612 750 672 798 est
694 768 706 799 :
742 759 1022 813 quapropter
1043 745 1180 794 etiarn
1206 745 1406 808 populus
1428 746 1508 793 ille
1529 761 1621 793 non
1644 746 1844 809 amplius
1866 745 2100 793 dicebatur
2118 747 2319 810 populus

325 819 554 881 vjehovae,
590 816 660 864 sed
685 815 881 879 populus
904 810 1129 866 Moschis,
1164 824 1217 856 ut
1240 809 1286 856 in
1311 810 1526 874 sequente
1549 812 1715 875 Capite
1730 826 1851 859 xxxx
1867 826 1887 857 1
1928 819 1963 841 “
1983 813 2235 876 Loquutus
2254 811 2319 860 est

338 883 552 946 Jehovah
574 883 631 930 ad
657 879 903 937 Moschen‚
939 877 1024 932 ito,
1058 873 1296 931 descende,
1320 878 1422 939 quia
1444 879 1633 939 corrupst
1645 878 1695 938 se
1711 877 1887 939 populus
1909 887 2022 933 tuus,
2045 893 2162 940 quem
2184 879 2320 941 asten·

337 948 436 998 dere
449 948 590 1014 fecisti
612 963 637 995 e
660 960 777 994 terra
797 943 997 1008 AEgypti
1015 940 1048 961 ''
1084 941 1228 988 Vers:
1258 955 1320 1003 73
1355 955 1455 991 tum
1481 943 1607 1006 Cap:
1632 958 1797 990 xxxm
1834 950 1868 972 “
1887 943 2138 1007 Loquutus
2159 945 2223 990 est
2238 946 2320 1006 Je-

338 1015 491 1063 hovah
525 1015 583 1061 ad
608 1013 846 1067 Moschen,
883 1011 966 1067 ito,
1003 1006 1220 1055 descende
1246 1007 1368 1054 hunc
1391 1017 1439 1054 tu
1457 1009 1507 1056 &
1528 1008 1703 1071 populus
1735 1024 1854 1073 quem
1872 1007 2091 1071 ascendere
2115 1009 2262 1072 feczsti
2292 1025 2320 1057 e

339 1093 456 1129 terra
478 1079 676 1143 AEgypti
694 1077 727 1097 ”
763 1075 909 1125 Vers:
943 1093 964 1124 1
985 1091 997 1120 ι
1032 1083 1270 1137 eapropter
1287 1073 1425 1121 etiam
1444 1073 1550 1121 dein
1574 1075 1924 1137 removebantur
1939 1089 1965 1121 e
1984 1086 2161 1131 monte,
2185 1075 2285 1139 Cap
2300 1094 2317 1124 ε

336 1160 500 1193 xxxtv
525 1153 560 1175 ‘⁴
581 1147 660 1196 Vir
676 1159 757 1191 non
777 1139 967 1205 ascendet
988 1148 1141 1195 tecum,
1165 1139 1371 1201 etiamque
1391 1141 1468 1187 vir
1483 1155 1564 1204 nen
1586 1140 1802 1188 videbitur
1818 1142 1862 1188 in
1882 1149 1970 1190 toto
1991 1146 2131 1189 monte
2150 1161 2165 1196 ;
2186 1142 2323 1189 etiam

329 1224 461 1273 pecus
474 1210 534 1260 ἐξ
556 1220 796 1258 armentum
819 1223 901 1256 non
918 1209 1089 1270 pascent
1111 1221 1135 1252 e
1156 1206 1320 1266 regione
1341 1207 1489 1253 montis
1510 1206 1640 1270 hujus
1657 1205 1688 1229 ’⁹
1737 1206 1876 1254 Vers:
1902 1223 1928 1269 3
1952 1227 1967 1261 ;
2004 1222 2084 1270 per
2106 1218 2320 1255 montem

338 1277 464 1324 Sinai
484 1278 610 1324 enim
632 1274 905 1339 fignificatur
926 1272 1028 1319 Lex
1054 1272 1127 1318 seu
1145 1268 1374 1318 Divinum
1398 1270 1571 1319 Verum
1595 1288 1647 1320 ac
1663 1271 1873 1319 Verbum
1897 1271 2031 1337 quale
2052 1272 2116 1320 est
2142 1275 2187 1320 in
2209 1272 2321 1319 Coe-

335 1343 404 1399 lo,
438 1342 499 1390 ita
521 1356 709 1406 quoque
731 1339 923 1395 coelum,
961 1354 1021 1384 n:
1049 1338 1195 1399 8399.
1222 1337 1366 1399 8753.
1396 1339 1540 1402 8793.
1570 1341 1714 1398 8805.
1784 1338 1930 1402 Qod
1963 1338 2192 1386 Moscheh
2224 1338 2320 1402 pri-

336 1423 394 1456 us
416 1406 806 1472 repraesentaverit
832 1404 1039 1451 Verbum
1076 1403 1120 1449 in
1154 1402 1412 1458 communi,
1450 1404 1538 1451 hoc
1572 1403 1654 1460 est,
1691 1414 1786 1452 tarn
1821 1404 1977 1468 quoad
2014 1402 2192 1452 sensum
2226 1402 2322 1470 ejus

341 1474 572 1525 internum
607 1488 750 1537 quam
784 1467 942 1536 quoad
977 1475 1230 1521 externum,
1272 1467 1401 1533 causa
1434 1482 1546 1526 erat,
1592 1470 1698 1533 quia
1731 1469 1794 1516 ibi
1829 1468 1985 1517 adium
2022 1469 2085 1517 est
2119 1470 2321 1534 depro-

334 1540 621 1604 mulgatione
646 1537 810 1600 Legis,
845 1550 953 1600 quae
988 1531 1267 1595 significabat
1299 1533 1623 1582 revelationem
1648 1533 1811 1584 Divini
1834 1535 1945 1583 Veri
1973 1536 2021 1582 in
2045 1535 2321 1584 communi:

339 1605 431 1652 fuit
454 1605 576 1653 enim
603 1604 649 1652 id
674 1601 952 1667 principium
975 1597 1281 1655 revelationis,
1313 1614 1422 1647 narn
1446 1601 1623 1666 reliqua
1655 1615 1762 1665 quae
1786 1599 1831 1648 in
1856 1599 2016 1650 Verbo
2034 1600 2187 1666 postea
2210 1616 2319 1665 conf

337 1671 502 1734 scripta
525 1671 640 1718 sunt.

339 1733 801 1864 Dgntin5i⁰ag1¹dill<dg
822 1731 2319 1864 ἓξτἯῑῗεΤωῗᾱῖἓῐῐὲῗΊἒοῗὶζίὶὲῗῖὲὸίέιὲὲἰυὲεἶῐίῐῑέηῐὲἶῖἑιξέξὲῃὲξὲἓ

334 1868 392 1916 :fit
433 1868 629 1915 elevatio
669 1865 822 1913 versus
858 1861 1098 1926 superiora,
1138 1863 1225 1911 hoc
1263 1862 1347 1920 est,
1384 1864 1611 1921 interiora,
1661 1865 1720 1912 de
1756 1881 1847 1928 qua
1882 1881 1939 1913 n:
1980 1869 2129 1930 3084.
2165 1882 2317 1930 4539.

332 1935 487 1997 4969.
527 1932 675 1995 5406.
714 1935 860 1993 5817.
897 1936 1046 1992 0007,
1079 1943 1131 1976 ac
1164 1928 1270 1976 inde
1302 1928 1566 1993 conjunciio
1600 1946 1708 1978 curn
1744 1930 1851 1989 illis,
1888 1948 1947 1978 n:
1975 1932 2119 1992 8760.
2145 1947 2276 1996 9373
2298 1952 2317 1987 ;

339 2000 468 2062 quod
506 2000 556 2047 fit
590 1995 822 2061 praesentia
858 1993 1072 2050 Domini,
1116 1993 1183 2041 est
1216 1996 1324 2059 quia
1356 1995 1548 2053 dicitur,
1589 1996 1776 2045 ascende
1809 1997 1866 2044 ad
1903 1997 1987 2044 Me
2023 1997 2071 2044 in
2107 2010 2318 2046 montem

333 2066 391 2114 &
425 2064 521 2113 esto
557 2064 638 2121 ibi,
682 2078 760 2127 per
791 2061 1023 2122 jehovam
1058 2059 1204 2119 enim,
1254 2062 1310 2109 ad
1346 2077 1490 2127 quem
1523 2062 1792 2120 ascenderet,
1844 2062 2112 2125 intelligitur
2145 2064 2317 2112 Domi-

340 2147 442 2188 nus,
483 2130 692 2178 videatur
725 2128 857 2192 supra
892 2143 920 2173 n
948 2144 960 2174 :
993 2142 1144 2192 9414,
1192 2127 1242 2175 &
1278 2143 1356 2193 per
1388 2142 1599 2178 montem
1635 2129 1759 2176 Sinai
1794 2129 2072 2193 significatur
2106 2129 2316 2179 Verbum

337 2196 464 2261 quod
491 2212 524 2257 *a
562 2195 786 2251 Domino,
840 2194 901 2240 ita
935 2191 981 2240 in
1016 2207 1112 2258 quo
1148 2193 1398 2252 Dominus,
1450 2212 1518 2243 n:
1571 2198 1715 2260 8399.
1768 2197 1912 2260 8753.
1963 2199 2108 2260 8793.
2163 2198 2315 2256 8805,

338 2261 531 2326 proinde
564 2262 703 2308 etiam
736 2259 927 2315 coelum,
963 2274 1071 2306 nam
1107 2259 1317 2308 Verbum
1352 2261 1416 2309 est
1445 2261 1671 2310 Divinum
1697 2262 1873 2309 Verum
1898 2261 2146 2324 procedens
2168 2277 2193 2308 a
2217 2261 2317 2308 Do·

340 2330 488 2384 mino,
523 2329 571 2376 δε
607 2326 793 2377 Coelum
828 2324 892 2372 est
926 2325 1263 2387 receptaculum
1286 2325 1394 2374 Veri
1421 2328 1608 2389 Divini,
1644 2330 1706 2376 ita
1730 2327 1873 2390 Ipsius
1895 2326 2111 2384 Domini,
2147 2338 2199 2376 ut
2221 2327 2318 2391 pri-

339 2409 392 2440 us
428 2394 547 2457 saepe
581 2392 809 2454 ostensum
844 2389 908 2439 est
936 2411 951 2445 ;
1002 2387 1108 2438 inde
1145 2404 1299 2455 patet,
1350 2393 1477 2457 quod
1521 2409 1603 2458 per
1635 2393 1869 2440 ascendere
1903 2392 1960 2440 ad
1995 2393 2229 2457 Jehovam
2266 2393 2315 2441 in

341 2472 567 2515 montem,
603 2457 878 2522 significetur
912 2455 1148 2520 praesentia
1181 2457 1412 2506 Domini:
1463 2459 1591 2523 quod
1626 2458 1679 2507 fit
1713 2459 1832 2522 apud
1867 2459 2094 2522 populum
2128 2474 2211 2524 per
2244 2457 2318 2506 in-

339 2525 633 2581 termedium,
671 2524 735 2572 est
768 2523 883 2590 quia
918 2518 1144 2570 Moscheh
1181 2540 1304 2572 nunc
1338 2526 1624 2588 repraesentat
1657 2524 1888 2589 populum
1912 2536 1964 2573 ut
1987 2536 2142 2589 caput,
2178 2524 2229 2573 δε
2252 2525 2314 2572 fic

340 2602 392 2637 ut
428 2590 645 2647 medians,
685 2603 738 2637 ut
772 2605 886 2639 rnox
912 2588 1050 2652 ‚supra
1085 2605 1144 2637 n:
1167 2607 1318 2656 9414,
1350 2591 1532 2640 dietum
1555 2591 1633 2638 est.
1706 2591 1945 2638 Praesentia
1970 2590 2166 2639 Domini
2188 2590 2315 2655 apud

339 2656 442 2703 illos
476 2672 555 2720 per
589 2655 922 2715 intermedium
955 2654 1136 2712 dicitur,
1171 2656 1278 2720 quia
1311 2656 1542 2705 Dominus
1576 2657 1618 2704 se
1653 2657 1762 2705 fistit
1797 2656 2065 2721 praesentem
2087 2657 2209 2722 apud
2231 2657 2314 2703 ho-

340 2722 532 2778 minem,
568 2737 658 2769 non
692 2733 846 2770 autem
883 2721 1027 2768 homo
1059 2722 1182 2785 apud
1218 2722 1521 2780 Dominum·,
1555 2737 1694 2771 omne
1729 2723 1856 2771 enim
1891 2725 2066 2772 bonum
2096 2722 2231 2788 quod
2266 2738 2313 2769 a·

342 2788 480 2834 moris
513 2787 565 2835 ὅτ
592 2787 923 2850 ,νεῐυῐηῳιοᾱ
961 2785 1065 2833 fidei
1099 2785 1224 2834 venit
1258 2803 1284 2834 a
1319 2787 1546 2845 Domino,
1580 2790 1630 2837 ὅτ
1666 2789 1841 2852 prorsus
1876 2789 1991 2836 nihil
2027 2789 2208 2837 boni&
2232 2802 2313 2835 ve-

340 2854 376 2899 ri
414 2854 469 2900 ab
504 2852 727 2906 homine;
762 2864 1040 2917 quapropter
1074 2852 1137 2900 est
1171 2854 1405 2915 praesentia
1433 2855 1630 2903 Domini
1653 2854 1775 2918 apud
1810 2855 1910 2903 illos
1944 2855 2025 2920 qui
2061 2855 2314 2903 admittunt

339 2918 517 2982 Ipsum,
554 2918 639 2965 hoc
672 2918 754 2976 est,
805 2918 927 2982 apud
965 2917 1065 2965 illos
1098 2920 1179 2982 qui
1214 2919 1306 2967 fide
1341 2921 1391 2968 &
1426 2936 1581 2969 amore
1617 2921 1839 2984 recipiunt
1871 2921 2046 2968 Verum
2082 2920 2312 2967 Divinum

336 2984 466 3047 quod
499 2985 557 3040 ab
592 2983 711 3048 Ipso.
785 2984 928 3047 Quod
964 2984 1194 3031 Dominus
1228 2985 1378 3034 veniat
1411 2987 1466 3032 ad
1503 2987 1621 3044 illos,
1659 2988 1706 3034 &
1733 2987 2053 3042 nonviciffim,
2088 2986 2219 3033 docet
2242 2986 2318 3047 Ip-

339 3050 383 3097 se
417 3050 650 3098 Dominus
682 3050 806 3114 apud
842 3049 1099 3112 Johannem
1155 3049 1304 3114 “Qui
1336 3052 1475 3117 diligit
1510 3055 1609 3108 Me,
1663 3053 1845 3101 Verbum
1880 3069 2014 3100 meum
2039 3052 2213 3115 servat,
2260 3050 2318 3099 ἐξ

339 3114 400 3164 ad
427 3117 550 3167 illum
582 3118 814 3174 veniemus,
848 3115 905 3167 (9
939 3115 1187 3178 mansionem
1220 3118 1486 3233 apuds'issum
1506 3119 1762 3184 faciemus”
1798 3135 1925 3167 xrv:
1965 3133 1989 3165 2
1997 3134 2057 3183 3:
2092 3117 2233 3228 apudd
2251 3116 2318 3162 E-

1265 3185 1297 3232 S
1696 3222 1699 3226 ,
2141 3199 2201 3229 un
2239 3197 2314 3229 em
