<?xml version="1.0" encoding="UTF-8"?>
<!DOCTYPE html PUBLIC "-//W3C//DTD XHTML 1.0 Transitional//EN"
    "http://www.w3.org/TR/xhtml1/DTD/xhtml1-transitional.dtd">
<html xmlns="http://www.w3.org/1999/xhtml" xml:lang="en" lang="en">
 <head>
  <title>
</title>
<meta http-equiv="Content-Type" content="text/html;charset=utf-8" />
  <meta name='ocr-system' content='tesseract 3.04.00' />
  <meta name='ocr-capabilities' content='ocr_page ocr_carea ocr_par ocr_line ocrx_word'/>
</head>
<body>
  <div class='ocr_page' id='page_1' title='image "arcanacaelestiaq07sweduoft_0515.png"; bbox 0 0 2722 3684; ppageno 0'>
   <div class='ocr_carea' id='block_1_1' title="bbox 570 172 2357 262">
    <p class='ocr_par' dir='ltr' id='par_1_1' title="bbox 570 172 2357 262">
     <span class='ocr_line' id='line_1_1' title="bbox 570 172 2357 262; baseline 0.002 -26"><span class='ocrx_word' id='word_1_1' title='bbox 570 232 576 236; x_wconf 77' lang='grc'>.</span> <span class='ocrx_word' id='word_1_2' title='bbox 673 179 973 244; x_wconf 90' lang='lat' dir='ltr'><strong>CAPUT</strong></span> <span class='ocrx_word' id='word_1_3' title='bbox 1019 177 1512 243; x_wconf 90' lang='lat' dir='ltr'>VIGESIMUM</span> <span class='ocrx_word' id='word_1_4' title='bbox 1559 174 2030 262; x_wconf 79' lang='lat' dir='ltr'>QJARTUM.</span> <span class='ocrx_word' id='word_1_5' title='bbox 2225 172 2357 260; x_wconf 81' lang='lat'>509</span> 
     </span>
    </p>
   </div>
   <div class='ocr_carea' id='block_1_2' title="bbox 359 293 2358 1214">
    <p class='ocr_par' dir='ltr' id='par_1_2' title="bbox 359 293 2358 1214">
     <span class='ocr_line' id='line_1_2' title="bbox 375 293 2358 361; baseline 0 -16"><span class='ocrx_word' id='word_1_6' title='bbox 375 296 495 345; x_wconf 87' lang='lat' dir='ltr'>du&#39;m</span> <span class='ocrx_word' id='word_1_7' title='bbox 521 298 821 361; x_wconf 85' lang='lat' dir='ltr'>apparentias,</span> <span class='ocrx_word' id='word_1_8' title='bbox 857 297 908 346; x_wconf 86' lang='grc' dir='ltr'>ὅτ</span> <span class='ocrx_word' id='word_1_9' title='bbox 930 296 1178 346; x_wconf 87' lang='lat' dir='ltr'>secundum</span> <span class='ocrx_word' id='word_1_10' title='bbox 1203 307 1387 360; x_wconf 86' lang='lat' dir='ltr'>captum</span> <span class='ocrx_word' id='word_1_11' title='bbox 1408 294 1644 357; x_wconf 89' lang='lat' dir='ltr'>vulgarem</span> <span class='ocrx_word' id='word_1_12' title='bbox 1671 294 1903 349; x_wconf 85' lang='lat' dir='ltr'>hominis3</span> <span class='ocrx_word' id='word_1_13' title='bbox 1938 293 2062 343; x_wconf 65' lang='lat' dir='ltr'>dieta</span> <span class='ocrx_word' id='word_1_14' title='bbox 2092 295 2212 352; x_wconf 90' lang='lat' dir='ltr'>sunt,</span> <span class='ocrx_word' id='word_1_15' title='bbox 2247 297 2358 361; x_wconf 87' lang='lat' dir='ltr'>quia</span> 
     </span>
     <span class='ocr_line' id='line_1_3' title="bbox 368 358 2355 428; baseline 0.001 -18"><span class='ocrx_word' id='word_1_16' title='bbox 368 364 518 411; x_wconf 87' lang='lat' dir='ltr'>sciunt</span> <span class='ocrx_word' id='word_1_17' title='bbox 539 361 665 427; x_wconf 90' lang='lat' dir='ltr'>quod</span> <span class='ocrx_word' id='word_1_18' title='bbox 690 363 722 411; x_wconf 85' lang='lat' dir='ltr'>fi</span> <span class='ocrx_word' id='word_1_19' title='bbox 747 364 1025 428; x_wconf 84' lang='lat' dir='ltr'>apparentiae</span> <span class='ocrx_word' id='word_1_20' title='bbox 1049 363 1320 412; x_wconf 86' lang='lat' dir='ltr'>evolvantur</span> <span class='ocrx_word' id='word_1_21' title='bbox 1342 361 1391 409; x_wconf 86' lang='grc' dir='ltr'>ὅτ</span> <span class='ocrx_word' id='word_1_22' title='bbox 1428 361 1553 424; x_wconf 81' lang='lat' dir='ltr'>quali</span> <span class='ocrx_word' id='word_1_23' title='bbox 1585 358 1894 415; x_wconf 83' lang='lat' dir='ltr'>exfascientur‚</span> <span class='ocrx_word' id='word_1_24' title='bbox 1931 373 2082 422; x_wconf 85' lang='lat' dir='ltr'>pateat</span> <span class='ocrx_word' id='word_1_25' title='bbox 2106 361 2167 410; x_wconf 89' lang='lat' dir='ltr'>ibi</span> <span class='ocrx_word' id='word_1_26' title='bbox 2193 377 2355 411; x_wconf 91' lang='lat' dir='ltr'>verum</span> 
     </span>
     <span class='ocr_line' id='line_1_4' title="bbox 368 425 2356 483; baseline -0.001 -8"><span class='ocrx_word' id='word_1_27' title='bbox 368 428 415 475; x_wconf 89' lang='lat' dir='ltr'>in</span> <span class='ocrx_word' id='word_1_28' title='bbox 437 427 601 482; x_wconf 88' lang='lat' dir='ltr'>nudo3</span> <span class='ocrx_word' id='word_1_29' title='bbox 631 426 744 476; x_wconf 68' lang='lat' dir='ltr'>‘falsa</span> <span class='ocrx_word' id='word_1_30' title='bbox 762 445 821 478; x_wconf 85' lang='lat' dir='ltr'>ex</span> <span class='ocrx_word' id='word_1_31' title='bbox 839 428 1008 477; x_wconf 86' lang='lat' dir='ltr'>falaciis</span> <span class='ocrx_word' id='word_1_32' title='bbox 1034 428 1238 479; x_wconf 89' lang='lat' dir='ltr'>sensuum</span> <span class='ocrx_word' id='word_1_33' title='bbox 1261 438 1553 474; x_wconf 86' lang='lat' dir='ltr'>externorum</span> <span class='ocrx_word' id='word_1_34' title='bbox 1579 441 1662 473; x_wconf 91' lang='lat' dir='ltr'>nec</span> <span class='ocrx_word' id='word_1_35' title='bbox 1683 425 1782 472; x_wconf 91' lang='lat' dir='ltr'>illos</span> <span class='ocrx_word' id='word_1_36' title='bbox 1805 426 2036 483; x_wconf 89' lang='lat' dir='ltr'>seducunt,</span> <span class='ocrx_word' id='word_1_37' title='bbox 2074 426 2185 475; x_wconf 87' lang='lat' dir='ltr'>sicut</span> <span class='ocrx_word' id='word_1_38' title='bbox 2213 427 2356 476; x_wconf 88' lang='lat' dir='ltr'>haere-</span> 
     </span>
     <span class='ocr_line' id='line_1_5' title="bbox 364 489 2350 559; baseline 0 -17"><span class='ocrx_word' id='word_1_39' title='bbox 364 494 477 542; x_wconf 89' lang='lat' dir='ltr'>ticos</span> <span class='ocrx_word' id='word_1_40' title='bbox 499 494 549 540; x_wconf 88' lang='lat'>&amp;</span> <span class='ocrx_word' id='word_1_41' title='bbox 577 493 814 551; x_wconf 76' lang='lat' dir='ltr'>fanatic03‚</span> <span class='ocrx_word' id='word_1_42' title='bbox 838 494 1079 559; x_wconf 73' lang='lat' dir='ltr'>‘imprimis</span> <span class='ocrx_word' id='word_1_43' title='bbox 1103 494 1294 556; x_wconf 88' lang='lat' dir='ltr'>Judaeos</span> <span class='ocrx_word' id='word_1_44' title='bbox 1316 493 1366 540; x_wconf 82' lang='grc' dir='ltr'>ὅτ</span> <span class='ocrx_word' id='word_1_45' title='bbox 1391 492 1671 548; x_wconf 86' lang='lat' dir='ltr'>Socinianos,</span> <span class='ocrx_word' id='word_1_46' title='bbox 1707 505 1790 538; x_wconf 90' lang='lat' dir='ltr'>nec</span> <span class='ocrx_word' id='word_1_47' title='bbox 1821 489 1927 538; x_wconf 88' lang='lat' dir='ltr'>falsa</span> <span class='ocrx_word' id='word_1_48' title='bbox 1949 507 2005 539; x_wconf 85' lang='lat' dir='ltr'>ex</span> <span class='ocrx_word' id='word_1_49' title='bbox 2030 493 2262 542; x_wconf 87' lang='lat' dir='ltr'>amoribus</span> <span class='ocrx_word' id='word_1_50' title='bbox 2285 493 2350 542; x_wconf 86' lang='lat' dir='ltr'>sui</span> 
     </span>
     <span class='ocr_line' id='line_1_6' title="bbox 362 556 2351 625; baseline 0 -18"><span class='ocrx_word' id='word_1_51' title='bbox 362 559 422 607; x_wconf 62' lang='grc' dir='ltr'>’ὅτ</span> <span class='ocrx_word' id='word_1_52' title='bbox 440 559 623 613; x_wconf 88' lang='lat' dir='ltr'>mundi,</span> <span class='ocrx_word' id='word_1_53' title='bbox 659 559 768 608; x_wconf 88' lang='lat' dir='ltr'>ficut</span> <span class='ocrx_word' id='word_1_54' title='bbox 786 561 889 608; x_wconf 89' lang='lat' dir='ltr'>illos</span> <span class='ocrx_word' id='word_1_55' title='bbox 909 562 991 625; x_wconf 87' lang='lat' dir='ltr'>qui</span> <span class='ocrx_word' id='word_1_56' title='bbox 1023 574 1108 624; x_wconf 89' lang='lat' dir='ltr'>per</span> <span class='ocrx_word' id='word_1_57' title='bbox 1128 558 1345 607; x_wconf 86' lang='lat' dir='ltr'>Babelem</span> <span class='ocrx_word' id='word_1_58' title='bbox 1370 557 1716 622; x_wconf 86' lang='lat' dir='ltr'>intelliguntur3</span> <span class='ocrx_word' id='word_1_59' title='bbox 1754 556 1801 604; x_wconf 87' lang='lat' dir='ltr'>hi</span> <span class='ocrx_word' id='word_1_60' title='bbox 1834 558 1884 606; x_wconf 89' lang='grc' dir='ltr'>ὅτ</span> <span class='ocrx_word' id='word_1_61' title='bbox 1909 557 1972 604; x_wconf 88' lang='lat' dir='ltr'>illi</span> <span class='ocrx_word' id='word_1_62' title='bbox 1998 559 2106 623; x_wconf 89' lang='lat' dir='ltr'>quia</span> <span class='ocrx_word' id='word_1_63' title='bbox 2128 574 2220 607; x_wconf 89' lang='lat' dir='ltr'>non</span> <span class='ocrx_word' id='word_1_64' title='bbox 2251 558 2351 607; x_wconf 88' lang='lat' dir='ltr'>illu-</span> 
     </span>
     <span class='ocr_line' id='line_1_7' title="bbox 366 621 2352 688; baseline 0.001 -15"><span class='ocrx_word' id='word_1_65' title='bbox 366 624 489 673; x_wconf 86' lang='lat' dir='ltr'>strati</span> <span class='ocrx_word' id='word_1_66' title='bbox 518 624 717 688; x_wconf 83' lang='lat' dir='ltr'>poffunt,</span> <span class='ocrx_word' id='word_1_67' title='bbox 752 626 1007 675; x_wconf 58' lang='lat' dir='ltr'>doffrinam</span> <span class='ocrx_word' id='word_1_68' title='bbox 1026 641 1088 675; x_wconf 82' lang='lat' dir='ltr'>ex</span> <span class='ocrx_word' id='word_1_69' title='bbox 1124 624 1220 672; x_wconf 83' lang='lat' dir='ltr'>solo</span> <span class='ocrx_word' id='word_1_70' title='bbox 1242 623 1366 671; x_wconf 89' lang='lat' dir='ltr'>sensu</span> <span class='ocrx_word' id='word_1_71' title='bbox 1400 635 1590 672; x_wconf 86' lang='lat' dir='ltr'>externo</span> <span class='ocrx_word' id='word_1_72' title='bbox 1611 623 1667 670; x_wconf 92' lang='lat' dir='ltr'>ad</span> <span class='ocrx_word' id='word_1_73' title='bbox 1701 621 1904 671; x_wconf 82' lang='lat' dir='ltr'>favorem</span> <span class='ocrx_word' id='word_1_74' title='bbox 1929 623 2115 672; x_wconf 90' lang='lat' dir='ltr'>suorum</span> <span class='ocrx_word' id='word_1_75' title='bbox 2138 640 2352 674; x_wconf 84' lang='lat' dir='ltr'>amorum</span> 
     </span>
     <span class='ocr_line' id='line_1_8' title="bbox 365 688 2351 756; baseline 0.001 -19"><span class='ocrx_word' id='word_1_76' title='bbox 365 689 664 747; x_wconf 87' lang='lat' dir='ltr'>concludunt,</span> <span class='ocrx_word' id='word_1_77' title='bbox 699 693 750 739; x_wconf 86' lang='grc' dir='ltr'>ὅτ</span> <span class='ocrx_word' id='word_1_78' title='bbox 773 692 899 756; x_wconf 87' lang='lat' dir='ltr'>plura</span> <span class='ocrx_word' id='word_1_79' title='bbox 920 707 978 740; x_wconf 85' lang='lat' dir='ltr'>ex</span> <span class='ocrx_word' id='word_1_80' title='bbox 997 690 1183 756; x_wconf 87' lang='lat' dir='ltr'>proprio</span> <span class='ocrx_word' id='word_1_81' title='bbox 1205 689 1527 755; x_wconf 85' lang='lat' dir='ltr'>superaddunt,</span> <span class='ocrx_word' id='word_1_82' title='bbox 1553 689 1659 737; x_wconf 90' lang='lat' dir='ltr'>inde</span> <span class='ocrx_word' id='word_1_83' title='bbox 1678 688 1882 738; x_wconf 86' lang='lat' dir='ltr'>Verbum</span> <span class='ocrx_word' id='word_1_84' title='bbox 1908 689 2160 738; x_wconf 88' lang='lat' dir='ltr'>nullatenus</span> <span class='ocrx_word' id='word_1_85' title='bbox 2183 690 2351 738; x_wconf 88' lang='lat' dir='ltr'>susten-</span> 
     </span>
     <span class='ocr_line' id='line_1_9' title="bbox 364 754 2349 818; baseline 0.002 -16"><span class='ocrx_word' id='word_1_86' title='bbox 364 767 508 812; x_wconf 82' lang='lat' dir='ltr'>tatur,</span> <span class='ocrx_word' id='word_1_87' title='bbox 548 755 625 803; x_wconf 84' lang='lat' dir='ltr'>sed</span> <span class='ocrx_word' id='word_1_88' title='bbox 647 759 830 806; x_wconf 86' lang='lat' dir='ltr'>corruit.</span> <span class='ocrx_word' id='word_1_89' title='bbox 900 757 1149 807; x_wconf 85' lang='lat' dir='ltr'><strong>Sciendum</strong></span> <span class='ocrx_word' id='word_1_90' title='bbox 1172 756 1256 813; x_wconf 90' lang='lat' dir='ltr'>est,</span> <span class='ocrx_word' id='word_1_91' title='bbox 1280 755 1405 818; x_wconf 91' lang='lat' dir='ltr'>quod</span> <span class='ocrx_word' id='word_1_92' title='bbox 1429 754 1574 803; x_wconf 89' lang='lat' dir='ltr'>sensus</span> <span class='ocrx_word' id='word_1_93' title='bbox 1599 755 1803 803; x_wconf 88' lang='lat' dir='ltr'>internus</span> <span class='ocrx_word' id='word_1_94' title='bbox 1830 755 1970 802; x_wconf 82' lang='lat' dir='ltr'>Verbi</span> <span class='ocrx_word' id='word_1_95' title='bbox 1994 756 2222 805; x_wconf 89' lang='lat' dir='ltr'>contineat</span> <span class='ocrx_word' id='word_1_96' title='bbox 2239 756 2349 805; x_wconf 91' lang='lat' dir='ltr'>doc-</span> 
     </span>
     <span class='ocr_line' id='line_1_10' title="bbox 367 820 2350 886; baseline 0.001 -18"><span class='ocrx_word' id='word_1_97' title='bbox 367 821 541 869; x_wconf 84' lang='lat' dir='ltr'>trinam</span> <span class='ocrx_word' id='word_1_98' title='bbox 568 820 786 870; x_wconf 84' lang='lat' dir='ltr'>Ecclefiae</span> <span class='ocrx_word' id='word_1_99' title='bbox 807 824 1074 886; x_wconf 86' lang='lat' dir='ltr'>genuinam.</span> <span class='ocrx_word' id='word_1_100' title='bbox 1145 822 1221 870; x_wconf 86' lang='lat' dir='ltr'>Ex</span> <span class='ocrx_word' id='word_1_101' title='bbox 1246 821 1315 870; x_wconf 90' lang='lat' dir='ltr'>his</span> <span class='ocrx_word' id='word_1_102' title='bbox 1339 836 1458 869; x_wconf 90' lang='lat' dir='ltr'>nunc</span> <span class='ocrx_word' id='word_1_103' title='bbox 1480 832 1623 884; x_wconf 88' lang='lat' dir='ltr'>patet,</span> <span class='ocrx_word' id='word_1_104' title='bbox 1657 820 1805 884; x_wconf 87' lang='lat' dir='ltr'>qualis</span> <span class='ocrx_word' id='word_1_105' title='bbox 1838 820 2044 868; x_wconf 69' lang='lat' dir='ltr'>doetrina</span> <span class='ocrx_word' id='word_1_106' title='bbox 2065 821 2350 883; x_wconf 67' lang='lat' dir='ltr'>repraesenta·</span> 
     </span>
     <span class='ocr_line' id='line_1_11' title="bbox 364 883 2349 951; baseline 0.001 -17"><span class='ocrx_word' id='word_1_107' title='bbox 364 898 437 934; x_wconf 89' lang='lat' dir='ltr'>tur</span> <span class='ocrx_word' id='word_1_108' title='bbox 459 886 531 934; x_wconf 83' lang='lat' dir='ltr'>hic</span> <span class='ocrx_word' id='word_1_109' title='bbox 556 902 637 950; x_wconf 89' lang='lat' dir='ltr'>per</span> <span class='ocrx_word' id='word_1_110' title='bbox 662 888 928 936; x_wconf 87' lang='lat' dir='ltr'>Aharonem</span> <span class='ocrx_word' id='word_1_111' title='bbox 953 890 1004 937; x_wconf 85' lang='grc' dir='ltr'>ὅτ</span> <span class='ocrx_word' id='word_1_112' title='bbox 1027 888 1229 936; x_wconf 87' lang='lat' dir='ltr'>Churem</span> <span class='ocrx_word' id='word_1_113' title='bbox 1249 908 1264 943; x_wconf 99' lang='lat'><em>3</em></span> <span class='ocrx_word' id='word_1_114' title='bbox 1298 902 1406 951; x_wconf 87' lang='lat' dir='ltr'>quae</span> <span class='ocrx_word' id='word_1_115' title='bbox 1427 888 1532 951; x_wconf 89' lang='lat' dir='ltr'>quia</span> <span class='ocrx_word' id='word_1_116' title='bbox 1549 901 1608 934; x_wconf 86' lang='lat' dir='ltr'>ex</span> <span class='ocrx_word' id='word_1_117' title='bbox 1628 886 1722 933; x_wconf 89' lang='lat' dir='ltr'>solo</span> <span class='ocrx_word' id='word_1_118' title='bbox 1740 883 1866 933; x_wconf 91' lang='lat' dir='ltr'>sensu</span> <span class='ocrx_word' id='word_1_119' title='bbox 1884 897 2073 934; x_wconf 86' lang='lat' dir='ltr'>externo</span> <span class='ocrx_word' id='word_1_120' title='bbox 2088 887 2231 935; x_wconf 88' lang='lat' dir='ltr'>Verbi</span> <span class='ocrx_word' id='word_1_121' title='bbox 2250 887 2349 936; x_wconf 88' lang='lat' dir='ltr'>abs-</span> 
     </span>
     <span class='ocr_line' id='line_1_12' title="bbox 362 950 2348 1018; baseline 0.001 -20"><span class='ocrx_word' id='word_1_122' title='bbox 362 967 457 1016; x_wconf 88' lang='lat' dir='ltr'>que</span> <span class='ocrx_word' id='word_1_123' title='bbox 492 953 690 1010; x_wconf 88' lang='lat' dir='ltr'>interno‚</span> <span class='ocrx_word' id='word_1_124' title='bbox 725 968 850 1002; x_wconf 87' lang='lat' dir='ltr'>mere</span> <span class='ocrx_word' id='word_1_125' title='bbox 881 953 1164 1003; x_wconf 86' lang='lat' dir='ltr'>idololatrica</span> <span class='ocrx_word' id='word_1_126' title='bbox 1199 952 1322 1008; x_wconf 88' lang='lat' dir='ltr'>fuit3</span> <span class='ocrx_word' id='word_1_127' title='bbox 1357 964 1629 1016; x_wconf 86' lang='lat' dir='ltr'>quapropter</span> <span class='ocrx_word' id='word_1_128' title='bbox 1662 951 1721 997; x_wconf 92' lang='lat' dir='ltr'>de</span> <span class='ocrx_word' id='word_1_129' title='bbox 1745 950 1978 1008; x_wconf 87' lang='lat' dir='ltr'>Aharone,</span> <span class='ocrx_word' id='word_1_130' title='bbox 2013 967 2095 1015; x_wconf 88' lang='lat' dir='ltr'>per</span> <span class='ocrx_word' id='word_1_131' title='bbox 2116 968 2255 1018; x_wconf 89' lang='lat' dir='ltr'>quem</span> <span class='ocrx_word' id='word_1_132' title='bbox 2281 969 2348 1000; x_wconf 85' lang='lat' dir='ltr'>re-</span> 
     </span>
     <span class='ocr_line' id='line_1_13' title="bbox 364 1016 2345 1083; baseline 0.002 -19"><span class='ocrx_word' id='word_1_133' title='bbox 364 1016 715 1081; x_wconf 68' lang='lat' dir='ltr'>praesentabatur</span> <span class='ocrx_word' id='word_1_134' title='bbox 738 1019 943 1067; x_wconf 58' lang='lat' dir='ltr'>doctrina</span> <span class='ocrx_word' id='word_1_135' title='bbox 967 1020 1085 1076; x_wconf 89' lang='lat' dir='ltr'>talis,</span> <span class='ocrx_word' id='word_1_136' title='bbox 1119 1019 1305 1077; x_wconf 88' lang='lat' dir='ltr'>dicitur,</span> <span class='ocrx_word' id='word_1_137' title='bbox 1342 1017 1469 1083; x_wconf 90' lang='lat' dir='ltr'>quod</span> <span class='ocrx_word' id='word_1_138' title='bbox 1493 1018 1568 1064; x_wconf 88' lang='lat' dir='ltr'>ille</span> <span class='ocrx_word' id='word_1_139' title='bbox 1592 1017 1790 1075; x_wconf 89' lang='lat' dir='ltr'>idolum,</span> <span class='ocrx_word' id='word_1_140' title='bbox 1828 1017 1902 1065; x_wconf 88' lang='lat' dir='ltr'>seu</span> <span class='ocrx_word' id='word_1_141' title='bbox 1938 1017 2130 1066; x_wconf 89' lang='lat' dir='ltr'>vitulum</span> <span class='ocrx_word' id='word_1_142' title='bbox 2153 1033 2345 1068; x_wconf 87' lang='lat' dir='ltr'>aureum</span> 
     </span>
     <span class='ocr_line' id='line_1_14' title="bbox 359 1080 2343 1148; baseline 0.002 -18"><span class='ocrx_word' id='word_1_143' title='bbox 359 1083 533 1140; x_wconf 87' lang='lat' dir='ltr'>fecerit,</span> <span class='ocrx_word' id='word_1_144' title='bbox 574 1083 711 1132; x_wconf 87' lang='lat' dir='ltr'>Exod</span> <span class='ocrx_word' id='word_1_145' title='bbox 732 1103 746 1134; x_wconf 73' lang='grc' dir='ltr'><strong><em>ε</em></strong></span> <span class='ocrx_word' id='word_1_146' title='bbox 769 1099 922 1134; x_wconf 80' lang='lat' dir='ltr'>xxxrt</span> <span class='ocrx_word' id='word_1_147' title='bbox 945 1102 958 1134; x_wconf 75' lang='grc' dir='ltr'><strong><em>ε</em></strong></span> <span class='ocrx_word' id='word_1_148' title='bbox 985 1101 1029 1135; x_wconf 86' lang='lat'>2.</span> <span class='ocrx_word' id='word_1_149' title='bbox 1055 1103 1099 1148; x_wconf 88' lang='lat'>3.</span> <span class='ocrx_word' id='word_1_150' title='bbox 1126 1102 1173 1144; x_wconf 92' lang='lat'>4.</span> <span class='ocrx_word' id='word_1_151' title='bbox 1204 1099 1246 1145; x_wconf 89' lang='lat'>5.</span> <span class='ocrx_word' id='word_1_152' title='bbox 1280 1101 1359 1133; x_wconf 85' lang='lat'>21.</span> <span class='ocrx_word' id='word_1_153' title='bbox 1387 1099 1463 1147; x_wconf 85' lang='lat'>35.</span> <span class='ocrx_word' id='word_1_154' title='bbox 1502 1083 1658 1131; x_wconf 88' lang='lat' dir='ltr'>Deut:</span> <span class='ocrx_word' id='word_1_155' title='bbox 1690 1098 1775 1131; x_wconf 75' lang='lat' dir='ltr'>lx:</span> <span class='ocrx_word' id='word_1_156' title='bbox 1807 1098 1898 1144; x_wconf 87' lang='lat'>19:</span> <span class='ocrx_word' id='word_1_157' title='bbox 1946 1080 2177 1132; x_wconf 81' lang='lat' dir='ltr'>in‘Verbo</span> <span class='ocrx_word' id='word_1_158' title='bbox 2200 1086 2343 1134; x_wconf 89' lang='lat' dir='ltr'>etiam</span> 
     </span>
     <span class='ocr_line' id='line_1_15' title="bbox 359 1148 2345 1214; baseline 0.002 -19"><span class='ocrx_word' id='word_1_159' title='bbox 359 1163 441 1211; x_wconf 84' lang='lat' dir='ltr'>per</span> <span class='ocrx_word' id='word_1_160' title='bbox 467 1149 588 1196; x_wconf 86' lang='lat' dir='ltr'>idola</span> <span class='ocrx_word' id='word_1_161' title='bbox 610 1149 925 1199; x_wconf 87' lang='lat' dir='ltr'>describuntur</span> <span class='ocrx_word' id='word_1_162' title='bbox 949 1152 1055 1199; x_wconf 87' lang='lat' dir='ltr'>tales</span> <span class='ocrx_word' id='word_1_163' title='bbox 1078 1150 1335 1204; x_wconf 70' lang='lat' dir='ltr'>doetrinae3</span> <span class='ocrx_word' id='word_1_164' title='bbox 1370 1161 1422 1196; x_wconf 88' lang='lat' dir='ltr'>ut</span> <span class='ocrx_word' id='word_1_165' title='bbox 1464 1151 1621 1213; x_wconf 85' lang='lat' dir='ltr'>paffim</span> <span class='ocrx_word' id='word_1_166' title='bbox 1659 1148 1780 1212; x_wconf 89' lang='lat' dir='ltr'>apud</span> <span class='ocrx_word' id='word_1_167' title='bbox 1806 1148 2055 1213; x_wconf 85' lang='lat' dir='ltr'>Prophetas</span> <span class='ocrx_word' id='word_1_168' title='bbox 2076 1170 2090 1204; x_wconf 90' lang='lat'><em>3</em></span> <span class='ocrx_word' id='word_1_169' title='bbox 2125 1149 2250 1214; x_wconf 82' lang='lat' dir='ltr'>apud</span> <span class='ocrx_word' id='word_1_170' title='bbox 2277 1150 2345 1199; x_wconf 92' lang='lat' dir='ltr'>E-</span> 
     </span>
    </p>
   </div>
   <div class='ocr_carea' id='block_1_3' title="bbox 270 1213 2344 1282">
    <p class='ocr_par' dir='ltr' id='par_1_3' title="bbox 270 1213 2344 1282">
     <span class='ocr_line' id='line_1_16' title="bbox 270 1213 2344 1282; baseline 0.001 -21"><span class='ocrx_word' id='word_1_171' title='bbox 270 1214 274 1217; x_wconf 80' lang='grc'><strong>’</strong></span> <span class='ocrx_word' id='word_1_172' title='bbox 361 1213 612 1263; x_wconf 86' lang='lat' dir='ltr'>zechielem</span> <span class='ocrx_word' id='word_1_173' title='bbox 650 1215 874 1265; x_wconf 86' lang='lat' dir='ltr'>“Intravi</span> <span class='ocrx_word' id='word_1_174' title='bbox 900 1217 950 1265; x_wconf 85' lang='grc' dir='ltr'>ὅτ</span> <span class='ocrx_word' id='word_1_175' title='bbox 973 1216 1070 1265; x_wconf 84' lang='lat' dir='ltr'>vidi</span> <span class='ocrx_word' id='word_1_176' title='bbox 1091 1218 1229 1264; x_wconf 80' lang='lat' dir='ltr'>omnia</span> <span class='ocrx_word' id='word_1_177' title='bbox 1253 1214 1374 1263; x_wconf 87' lang='lat' dir='ltr'>Idola</span> <span class='ocrx_word' id='word_1_178' title='bbox 1395 1215 1538 1263; x_wconf 85' lang='lat' dir='ltr'>domus</span> <span class='ocrx_word' id='word_1_179' title='bbox 1574 1214 1782 1277; x_wconf 84' lang='lat' dir='ltr'>Israelis3</span> <span class='ocrx_word' id='word_1_180' title='bbox 1832 1214 2073 1277; x_wconf 66' lang='lat' dir='ltr'>depidtum</span> <span class='ocrx_word' id='word_1_181' title='bbox 2111 1215 2240 1280; x_wconf 90' lang='lat' dir='ltr'>super</span> <span class='ocrx_word' id='word_1_182' title='bbox 2260 1233 2344 1282; x_wconf 88' lang='lat' dir='ltr'>pa-</span> 
     </span>
    </p>
   </div>
   <div class='ocr_carea' id='block_1_4' title="bbox 337 1279 2342 3238">
    <p class='ocr_par' dir='ltr' id='par_1_4' title="bbox 337 1279 2342 3197">
     <span class='ocr_line' id='line_1_17' title="bbox 361 1279 2342 1346; baseline 0.002 -20"><span class='ocrx_word' id='word_1_183' title='bbox 361 1279 473 1328; x_wconf 87' lang='lat' dir='ltr'>riete</span> <span class='ocrx_word' id='word_1_184' title='bbox 489 1279 783 1329; x_wconf 81' lang='lat' dir='ltr'>circumcirca</span> <span class='ocrx_word' id='word_1_185' title='bbox 803 1301 818 1336; x_wconf 89' lang='lat'><em>3</em></span> <span class='ocrx_word' id='word_1_186' title='bbox 854 1283 903 1330; x_wconf 86' lang='grc' dir='ltr'>ὅτ</span> <span class='ocrx_word' id='word_1_187' title='bbox 916 1284 1194 1346; x_wconf 72' lang='lat' dir='ltr'><em>septuaginta</em></span> <span class='ocrx_word' id='word_1_188' title='bbox 1215 1283 1308 1329; x_wconf 82' lang='lat' dir='ltr'>viri</span> <span class='ocrx_word' id='word_1_189' title='bbox 1329 1280 1380 1328; x_wconf 85' lang='lat' dir='ltr'>de</span> <span class='ocrx_word' id='word_1_190' title='bbox 1389 1280 1625 1344; x_wconf 82' lang='lat' dir='ltr'>senioribus</span> <span class='ocrx_word' id='word_1_191' title='bbox 1646 1279 1788 1329; x_wconf 83' lang='lat' dir='ltr'>domus</span> <span class='ocrx_word' id='word_1_192' title='bbox 1813 1279 1985 1341; x_wconf 85' lang='lat' dir='ltr'><em>Israelis</em></span> <span class='ocrx_word' id='word_1_193' title='bbox 2007 1280 2167 1330; x_wconf 86' lang='lat' dir='ltr'>stantes</span> <span class='ocrx_word' id='word_1_194' title='bbox 2187 1296 2342 1330; x_wconf 88' lang='lat' dir='ltr'>coram</span> 
     </span>
     <span class='ocr_line' id='line_1_18' title="bbox 363 1344 2342 1411; baseline 0.003 -21"><span class='ocrx_word' id='word_1_195' title='bbox 363 1344 466 1401; x_wconf 87' lang='lat' dir='ltr'>illis,</span> <span class='ocrx_word' id='word_1_196' title='bbox 501 1361 550 1393; x_wconf 86' lang='lat' dir='ltr'>ac</span> <span class='ocrx_word' id='word_1_197' title='bbox 572 1349 736 1411; x_wconf 90' lang='lat' dir='ltr'>cuique</span> <span class='ocrx_word' id='word_1_198' title='bbox 761 1347 1045 1396; x_wconf 87' lang='lat' dir='ltr'>thuribulum</span> <span class='ocrx_word' id='word_1_199' title='bbox 1064 1350 1109 1395; x_wconf 90' lang='lat' dir='ltr'>in</span> <span class='ocrx_word' id='word_1_200' title='bbox 1131 1363 1265 1395; x_wconf 89' lang='lat' dir='ltr'>manu</span> <span class='ocrx_word' id='word_1_201' title='bbox 1285 1347 1380 1404; x_wconf 90' lang='lat' dir='ltr'>sua,</span> <span class='ocrx_word' id='word_1_202' title='bbox 1407 1348 1455 1394; x_wconf 92' lang='grc' dir='ltr'>ὅτ</span> <span class='ocrx_word' id='word_1_203' title='bbox 1473 1346 1742 1393; x_wconf 88' lang='lat' dir='ltr'>abundantia</span> <span class='ocrx_word' id='word_1_204' title='bbox 1765 1345 1894 1394; x_wconf 89' lang='lat' dir='ltr'>nubis</span> <span class='ocrx_word' id='word_1_205' title='bbox 1920 1345 2164 1395; x_wconf 88' lang='lat' dir='ltr'>suffimenti</span> <span class='ocrx_word' id='word_1_206' title='bbox 2190 1346 2342 1396; x_wconf 88' lang='lat' dir='ltr'>ascen-</span> 
     </span>
     <span class='ocr_line' id='line_1_19' title="bbox 360 1409 2341 1471; baseline 0.003 -14"><span class='ocrx_word' id='word_1_207' title='bbox 360 1410 471 1458; x_wconf 89' lang='lat' dir='ltr'>dens</span> <span class='ocrx_word' id='word_1_208' title='bbox 488 1409 520 1434; x_wconf 87' lang='lat'><strong><em>”</em></strong></span> <span class='ocrx_word' id='word_1_209' title='bbox 555 1426 668 1459; x_wconf 83' lang='lat' dir='ltr'>v111</span> <span class='ocrx_word' id='word_1_210' title='bbox 694 1428 706 1459; x_wconf 74' lang='grc' dir='ltr'>ε</span> <span class='ocrx_word' id='word_1_211' title='bbox 741 1429 815 1471; x_wconf 81' lang='lat' dir='ltr'>tr,</span> <span class='ocrx_word' id='word_1_212' title='bbox 855 1413 928 1462; x_wconf 91' lang='lat' dir='ltr'>hic</span> <span class='ocrx_word' id='word_1_213' title='bbox 947 1414 1068 1460; x_wconf 90' lang='lat' dir='ltr'>idola</span> <span class='ocrx_word' id='word_1_214' title='bbox 1091 1413 1256 1461; x_wconf 87' lang='lat' dir='ltr'>domus</span> <span class='ocrx_word' id='word_1_215' title='bbox 1278 1412 1449 1460; x_wconf 84' lang='lat' dir='ltr'>Israelis</span> <span class='ocrx_word' id='word_1_216' title='bbox 1470 1411 1572 1460; x_wconf 92' lang='lat' dir='ltr'>sunt</span> <span class='ocrx_word' id='word_1_217' title='bbox 1594 1411 1816 1459; x_wconf 66' lang='lat' dir='ltr'>destrinae</span> <span class='ocrx_word' id='word_1_218' title='bbox 1839 1426 1896 1459; x_wconf 87' lang='lat' dir='ltr'>ex</span> <span class='ocrx_word' id='word_1_219' title='bbox 1921 1410 2016 1461; x_wconf 93' lang='lat' dir='ltr'>solo</span> <span class='ocrx_word' id='word_1_220' title='bbox 2049 1412 2170 1460; x_wconf 89' lang='lat' dir='ltr'>sensu</span> <span class='ocrx_word' id='word_1_221' title='bbox 2194 1425 2341 1462; x_wconf 87' lang='lat' dir='ltr'>exter-</span> 
     </span>
     <span class='ocr_line' id='line_1_20' title="bbox 358 1476 2339 1542; baseline 0.004 -21"><span class='ocrx_word' id='word_1_222' title='bbox 358 1490 421 1522; x_wconf 90' lang='lat' dir='ltr'>no</span> <span class='ocrx_word' id='word_1_223' title='bbox 436 1476 601 1534; x_wconf 85' lang='lat' dir='ltr'>Verbi,</span> <span class='ocrx_word' id='word_1_224' title='bbox 636 1492 730 1525; x_wconf 89' lang='lat' dir='ltr'>non</span> <span class='ocrx_word' id='word_1_225' title='bbox 754 1494 834 1542; x_wconf 87' lang='lat' dir='ltr'>per</span> <span class='ocrx_word' id='word_1_226' title='bbox 853 1478 1198 1527; x_wconf 84' lang='lat' dir='ltr'>illustrationem</span> <span class='ocrx_word' id='word_1_227' title='bbox 1224 1494 1250 1525; x_wconf 92' lang='lat' dir='ltr'>a</span> <span class='ocrx_word' id='word_1_228' title='bbox 1270 1478 1497 1535; x_wconf 90' lang='lat' dir='ltr'>Domino,</span> <span class='ocrx_word' id='word_1_229' title='bbox 1525 1476 1595 1525; x_wconf 92' lang='lat' dir='ltr'>sed</span> <span class='ocrx_word' id='word_1_230' title='bbox 1612 1492 1692 1541; x_wconf 90' lang='lat' dir='ltr'>per</span> <span class='ocrx_word' id='word_1_231' title='bbox 1710 1477 1942 1540; x_wconf 80' lang='lat' dir='ltr'>propriam</span> <span class='ocrx_word' id='word_1_232' title='bbox 1967 1478 2339 1540; x_wconf 86' lang='lat' dir='ltr'>intelligentiam,</span> 
     </span>
     <span class='ocr_line' id='line_1_21' title="bbox 355 1541 2339 1607; baseline 0.003 -20"><span class='ocrx_word' id='word_1_233' title='bbox 355 1541 422 1589; x_wconf 77' lang='lat' dir='ltr'>ita</span> <span class='ocrx_word' id='word_1_234' title='bbox 444 1541 581 1597; x_wconf 75' lang='lat' dir='ltr'>salsa3</span> <span class='ocrx_word' id='word_1_235' title='bbox 616 1544 762 1591; x_wconf 79' lang='lat' dir='ltr'>cultus</span> <span class='ocrx_word' id='word_1_236' title='bbox 797 1543 1044 1592; x_wconf 85' lang='lat' dir='ltr'>secundum</span> <span class='ocrx_word' id='word_1_237' title='bbox 1080 1545 1154 1592; x_wconf 85' lang='lat' dir='ltr'>illa</span> <span class='ocrx_word' id='word_1_238' title='bbox 1179 1544 1457 1607; x_wconf 80' lang='lat' dir='ltr'>significatur</span> <span class='ocrx_word' id='word_1_239' title='bbox 1482 1559 1560 1607; x_wconf 90' lang='lat' dir='ltr'>per</span> <span class='ocrx_word' id='word_1_240' title='bbox 1595 1543 1878 1591; x_wconf 87' lang='lat' dir='ltr'>thuribulum</span> <span class='ocrx_word' id='word_1_241' title='bbox 1904 1542 1948 1590; x_wconf 88' lang='lat' dir='ltr'>in</span> <span class='ocrx_word' id='word_1_242' title='bbox 1976 1556 2113 1591; x_wconf 85' lang='lat' dir='ltr'>manu</span> <span class='ocrx_word' id='word_1_243' title='bbox 2143 1543 2339 1607; x_wconf 87' lang='lat' dir='ltr'>cujusvis</span> 
     </span>
     <span class='ocr_line' id='line_1_22' title="bbox 359 1607 2337 1673; baseline 0.004 -21"><span class='ocrx_word' id='word_1_244' title='bbox 359 1607 408 1652; x_wconf 85' lang='lat'>&amp;</span> <span class='ocrx_word' id='word_1_245' title='bbox 434 1622 516 1668; x_wconf 90' lang='lat' dir='ltr'>per</span> <span class='ocrx_word' id='word_1_246' title='bbox 537 1609 861 1658; x_wconf 85' lang='lat' dir='ltr'>abundantiam</span> <span class='ocrx_word' id='word_1_247' title='bbox 885 1611 1016 1658; x_wconf 89' lang='lat' dir='ltr'>nubis</span> <span class='ocrx_word' id='word_1_248' title='bbox 1039 1610 1302 1658; x_wconf 85' lang='lat' dir='ltr'>suffimenti.</span> <span class='ocrx_word' id='word_1_249' title='bbox 1374 1610 1518 1672; x_wconf 90' lang='lat' dir='ltr'>Apud</span> <span class='ocrx_word' id='word_1_250' title='bbox 1547 1608 1806 1656; x_wconf 89' lang='lat' dir='ltr'>Hoscheam</span> <span class='ocrx_word' id='word_1_251' title='bbox 1854 1616 1887 1637; x_wconf 92' lang='lat'><strong>“</strong></span> <span class='ocrx_word' id='word_1_252' title='bbox 1906 1609 2105 1657; x_wconf 86' lang='lat' dir='ltr'>Addunt</span> <span class='ocrx_word' id='word_1_253' title='bbox 2137 1624 2337 1673; x_wconf 90' lang='lat' dir='ltr'>peccare,</span> 
     </span>
     <span class='ocr_line' id='line_1_23' title="bbox 347 1673 2340 1741; baseline 0.004 -22"><span class='ocrx_word' id='word_1_254' title='bbox 347 1673 531 1734; x_wconf 86' lang='lat' dir='ltr'>faciunt</span> <span class='ocrx_word' id='word_1_255' title='bbox 537 1673 628 1732; x_wconf 85' lang='lat' dir='ltr'>fibi</span> <span class='ocrx_word' id='word_1_256' title='bbox 640 1675 772 1736; x_wconf 78' lang='lat' dir='ltr'>fufile</span> <span class='ocrx_word' id='word_1_257' title='bbox 792 1691 844 1724; x_wconf 80' lang='lat' dir='ltr'>ex</span> <span class='ocrx_word' id='word_1_258' title='bbox 865 1685 1041 1741; x_wconf 86' lang='lat' dir='ltr'>argento</span> <span class='ocrx_word' id='word_1_259' title='bbox 1063 1678 1161 1736; x_wconf 76' lang='lat' dir='ltr'>sav,</span> <span class='ocrx_word' id='word_1_260' title='bbox 1177 1732 1182 1739; x_wconf 34' lang='grc' dir='ltr'>Ι</span> <span class='ocrx_word' id='word_1_261' title='bbox 1196 1678 1242 1723; x_wconf 78' lang='lat' dir='ltr'>in</span> <span class='ocrx_word' id='word_1_262' title='bbox 1262 1674 1544 1738; x_wconf 82' lang='lat' dir='ltr'>intelligentia</span> <span class='ocrx_word' id='word_1_263' title='bbox 1569 1676 1654 1734; x_wconf 85' lang='lat' dir='ltr'>sua</span> <span class='ocrx_word' id='word_1_264' title='bbox 1676 1687 1779 1738; x_wconf 87' lang='lat' dir='ltr'>opus</span> <span class='ocrx_word' id='word_1_265' title='bbox 1798 1673 2010 1734; x_wconf 68' lang='lat' dir='ltr'>artificum</span> <span class='ocrx_word' id='word_1_266' title='bbox 2033 1684 2166 1723; x_wconf 89' lang='lat' dir='ltr'>totum</span> <span class='ocrx_word' id='word_1_267' title='bbox 2182 1697 2196 1730; x_wconf 91' lang='lat'><em>3</em></span> <span class='ocrx_word' id='word_1_268' title='bbox 2211 1681 2215 1684; x_wconf 56' lang='lat'><strong>⁴</strong></span> <span class='ocrx_word' id='word_1_269' title='bbox 2233 1677 2340 1740; x_wconf 85' lang='lat' dir='ltr'>ipfis</span> 
     </span>
     <span class='ocr_line' id='line_1_24' title="bbox 357 1738 2337 1806; baseline 0.003 -22"><span class='ocrx_word' id='word_1_270' title='bbox 357 1738 447 1786; x_wconf 89' lang='lat' dir='ltr'>illis</span> <span class='ocrx_word' id='word_1_271' title='bbox 469 1739 665 1787; x_wconf 88' lang='lat' dir='ltr'>dicentes</span> <span class='ocrx_word' id='word_1_272' title='bbox 687 1761 701 1795; x_wconf 89' lang='lat'><em>3</em></span> <span class='ocrx_word' id='word_1_273' title='bbox 737 1741 1028 1789; x_wconf 83' lang='lat' dir='ltr'>sacrificantes</span> <span class='ocrx_word' id='word_1_274' title='bbox 1050 1741 1305 1796; x_wconf 86' lang='lat' dir='ltr'>hominem,</span> <span class='ocrx_word' id='word_1_275' title='bbox 1338 1740 1508 1788; x_wconf 88' lang='lat' dir='ltr'>vitulos</span> <span class='ocrx_word' id='word_1_276' title='bbox 1526 1739 1822 1788; x_wconf 87' lang='lat' dir='ltr'>osculantur’&#39;</span> <span class='ocrx_word' id='word_1_277' title='bbox 1858 1755 1912 1787; x_wconf 75' lang='lat' dir='ltr'>xi</span> <span class='ocrx_word' id='word_1_278' title='bbox 1934 1756 1949 1786; x_wconf 91' lang='lat'>1</span> <span class='ocrx_word' id='word_1_279' title='bbox 1966 1758 1981 1789; x_wconf 82' lang='grc' dir='ltr'>ι</span> <span class='ocrx_word' id='word_1_280' title='bbox 2005 1758 2015 1787; x_wconf 87' lang='lat'>:</span> <span class='ocrx_word' id='word_1_281' title='bbox 2044 1757 2088 1797; x_wconf 85' lang='lat'>2,</span> <span class='ocrx_word' id='word_1_282' title='bbox 2125 1740 2337 1806; x_wconf 88' lang='lat' dir='ltr'>sculptile</span> 
     </span>
     <span class='ocr_line' id='line_1_25' title="bbox 357 1805 2336 1871; baseline 0.004 -22"><span class='ocrx_word' id='word_1_283' title='bbox 357 1818 419 1854; x_wconf 66' lang='lat' dir='ltr'>ex,</span> <span class='ocrx_word' id='word_1_284' title='bbox 437 1818 642 1868; x_wconf 79' lang='lat' dir='ltr'>argente,</span> <span class='ocrx_word' id='word_1_285' title='bbox 677 1807 728 1854; x_wconf 88' lang='grc' dir='ltr'>ὅτ</span> <span class='ocrx_word' id='word_1_286' title='bbox 751 1821 866 1870; x_wconf 88' lang='lat' dir='ltr'>opus</span> <span class='ocrx_word' id='word_1_287' title='bbox 889 1807 1113 1855; x_wconf 87' lang='lat' dir='ltr'>artificum</span> <span class='ocrx_word' id='word_1_288' title='bbox 1137 1822 1221 1870; x_wconf 88' lang='lat' dir='ltr'>pro</span> <span class='ocrx_word' id='word_1_289' title='bbox 1242 1805 1447 1856; x_wconf 68' lang='lat' dir='ltr'>doetrina</span> <span class='ocrx_word' id='word_1_290' title='bbox 1471 1822 1528 1854; x_wconf 90' lang='lat' dir='ltr'>ex</span> <span class='ocrx_word' id='word_1_291' title='bbox 1546 1806 1728 1871; x_wconf 83' lang='lat' dir='ltr'>propria</span> <span class='ocrx_word' id='word_1_292' title='bbox 1748 1805 2058 1867; x_wconf 87' lang='lat' dir='ltr'>intelligentia,</span> <span class='ocrx_word' id='word_1_293' title='bbox 2095 1807 2147 1856; x_wconf 86' lang='grc' dir='ltr'>ὅτ</span> <span class='ocrx_word' id='word_1_294' title='bbox 2166 1823 2258 1856; x_wconf 88' lang='lat' dir='ltr'>non</span> <span class='ocrx_word' id='word_1_295' title='bbox 2277 1824 2336 1856; x_wconf 87' lang='lat' dir='ltr'>ex</span> 
     </span>
     <span class='ocr_line' id='line_1_26' title="bbox 359 1868 2335 1936; baseline 0.003 -20"><span class='ocrx_word' id='word_1_296' title='bbox 359 1869 588 1927; x_wconf 84' lang='lat' dir='ltr'>Domino,</span> <span class='ocrx_word' id='word_1_297' title='bbox 626 1872 688 1918; x_wconf 90' lang='lat' dir='ltr'>ita</span> <span class='ocrx_word' id='word_1_298' title='bbox 712 1888 769 1919; x_wconf 89' lang='lat' dir='ltr'>ex</span> <span class='ocrx_word' id='word_1_299' title='bbox 792 1872 914 1921; x_wconf 90' lang='lat' dir='ltr'>sensu</span> <span class='ocrx_word' id='word_1_300' title='bbox 938 1873 1078 1921; x_wconf 88' lang='lat' dir='ltr'>Verbi</span> <span class='ocrx_word' id='word_1_301' title='bbox 1103 1868 1291 1920; x_wconf 79' lang='lat' dir='ltr'>externo</span> <span class='ocrx_word' id='word_1_302' title='bbox 1317 1872 1516 1934; x_wconf 87' lang='lat' dir='ltr'>separato</span> <span class='ocrx_word' id='word_1_303' title='bbox 1539 1873 1597 1919; x_wconf 87' lang='lat' dir='ltr'>ab</span> <span class='ocrx_word' id='word_1_304' title='bbox 1619 1873 1795 1919; x_wconf 87' lang='lat' dir='ltr'>interno</span> <span class='ocrx_word' id='word_1_305' title='bbox 1815 1892 1829 1926; x_wconf 92' lang='lat'>·,</span> <span class='ocrx_word' id='word_1_306' title='bbox 1852 1872 1980 1936; x_wconf 92' lang='lat' dir='ltr'>quod</span> <span class='ocrx_word' id='word_1_307' title='bbox 2006 1873 2060 1920; x_wconf 90' lang='lat' dir='ltr'>fit</span> <span class='ocrx_word' id='word_1_308' title='bbox 2081 1873 2206 1935; x_wconf 88' lang='lat' dir='ltr'>apud</span> <span class='ocrx_word' id='word_1_309' title='bbox 2233 1874 2335 1922; x_wconf 89' lang='lat' dir='ltr'>illos</span> 
     </span>
     <span class='ocr_line' id='line_1_27' title="bbox 355 1935 2333 2003; baseline 0.004 -23"><span class='ocrx_word' id='word_1_310' title='bbox 355 1935 433 1997; x_wconf 89' lang='lat' dir='ltr'>qui</span> <span class='ocrx_word' id='word_1_311' title='bbox 454 1935 601 1997; x_wconf 85' lang='lat' dir='ltr'>solum</span> <span class='ocrx_word' id='word_1_312' title='bbox 625 1935 670 1983; x_wconf 88' lang='lat' dir='ltr'>in</span> <span class='ocrx_word' id='word_1_313' title='bbox 695 1938 891 1986; x_wconf 85' lang='lat' dir='ltr'>externis</span> <span class='ocrx_word' id='word_1_314' title='bbox 915 1939 1017 1986; x_wconf 91' lang='lat' dir='ltr'>sunt</span> <span class='ocrx_word' id='word_1_315' title='bbox 1039 1939 1090 1986; x_wconf 88' lang='grc' dir='ltr'>ὅτ</span> <span class='ocrx_word' id='word_1_316' title='bbox 1112 1954 1202 1986; x_wconf 90' lang='lat' dir='ltr'>non</span> <span class='ocrx_word' id='word_1_317' title='bbox 1229 1936 1360 1985; x_wconf 74' lang='lat' dir='ltr'>simul</span> <span class='ocrx_word' id='word_1_318' title='bbox 1386 1939 1431 1984; x_wconf 88' lang='lat' dir='ltr'>in</span> <span class='ocrx_word' id='word_1_319' title='bbox 1457 1937 1655 1994; x_wconf 78' lang='lat' dir='ltr'>interniS,</span> <span class='ocrx_word' id='word_1_320' title='bbox 1692 1937 1779 1985; x_wconf 92' lang='lat' dir='ltr'>hoc</span> <span class='ocrx_word' id='word_1_321' title='bbox 1802 1936 1883 1993; x_wconf 88' lang='lat' dir='ltr'>est,</span> <span class='ocrx_word' id='word_1_322' title='bbox 1919 1938 2039 2001; x_wconf 88' lang='lat' dir='ltr'>apud</span> <span class='ocrx_word' id='word_1_323' title='bbox 2063 1938 2164 1986; x_wconf 86' lang='lat' dir='ltr'>illos</span> <span class='ocrx_word' id='word_1_324' title='bbox 2187 1940 2266 2003; x_wconf 89' lang='lat' dir='ltr'>qui</span> <span class='ocrx_word' id='word_1_325' title='bbox 2285 1940 2333 1988; x_wconf 88' lang='lat' dir='ltr'>in</span> 
     </span>
     <span class='ocr_line' id='line_1_28' title="bbox 353 1999 2333 2068; baseline 0.004 -22"><span class='ocrx_word' id='word_1_326' title='bbox 353 1999 583 2049; x_wconf 83' lang='lat' dir='ltr'>amoribus</span> <span class='ocrx_word' id='word_1_327' title='bbox 603 2001 666 2050; x_wconf 90' lang='lat' dir='ltr'>sui</span> <span class='ocrx_word' id='word_1_328' title='bbox 689 2003 740 2050; x_wconf 98' lang='grc' dir='ltr'>ὅτ</span> <span class='ocrx_word' id='word_1_329' title='bbox 762 2003 939 2060; x_wconf 87' lang='lat' dir='ltr'>mundi,</span> <span class='ocrx_word' id='word_1_330' title='bbox 982 2005 1033 2052; x_wconf 89' lang='grc' dir='ltr'>ὅτ</span> <span class='ocrx_word' id='word_1_331' title='bbox 1052 2019 1147 2051; x_wconf 52' lang='lat' dir='ltr'>&#39;non</span> <span class='ocrx_word' id='word_1_332' title='bbox 1172 2007 1216 2051; x_wconf 88' lang='lat' dir='ltr'>in</span> <span class='ocrx_word' id='word_1_333' title='bbox 1241 2019 1396 2051; x_wconf 87' lang='lat' dir='ltr'>amore</span> <span class='ocrx_word' id='word_1_334' title='bbox 1419 2005 1466 2050; x_wconf 88' lang='lat' dir='ltr'>in</span> <span class='ocrx_word' id='word_1_335' title='bbox 1492 2004 1752 2052; x_wconf 89' lang='lat' dir='ltr'>Dominum</span> <span class='ocrx_word' id='word_1_336' title='bbox 1777 2003 1826 2051; x_wconf 86' lang='grc' dir='ltr'>ὅτ</span> <span class='ocrx_word' id='word_1_337' title='bbox 1850 2003 1895 2050; x_wconf 89' lang='lat' dir='ltr'>in</span> <span class='ocrx_word' id='word_1_338' title='bbox 1915 2018 2070 2052; x_wconf 89' lang='lat' dir='ltr'>amore</span> <span class='ocrx_word' id='word_1_339' title='bbox 2094 2018 2200 2064; x_wconf 86' lang='lat' dir='ltr'>erga</span> <span class='ocrx_word' id='word_1_340' title='bbox 2225 2020 2333 2068; x_wconf 85' lang='lat' dir='ltr'>pro-</span> 
     </span>
     <span class='ocr_line' id='line_1_29' title="bbox 353 2065 2332 2134; baseline 0.003 -22"><span class='ocrx_word' id='word_1_341' title='bbox 353 2065 552 2114; x_wconf 66' lang='lat' dir='ltr'>ximum.</span> <span class='ocrx_word' id='word_1_342' title='bbox 621 2069 770 2131; x_wconf 88' lang='lat' dir='ltr'>Apud</span> <span class='ocrx_word' id='word_1_343' title='bbox 790 2069 972 2119; x_wconf 88' lang='lat' dir='ltr'>Esaiam</span> <span class='ocrx_word' id='word_1_344' title='bbox 1007 2078 1040 2100; x_wconf 84' lang='lat'><strong>“</strong></span> <span class='ocrx_word' id='word_1_345' title='bbox 1057 2069 1110 2117; x_wconf 90' lang='lat' dir='ltr'>In</span> <span class='ocrx_word' id='word_1_346' title='bbox 1134 2069 1210 2117; x_wconf 87' lang='lat' dir='ltr'>die</span> <span class='ocrx_word' id='word_1_347' title='bbox 1229 2069 1309 2117; x_wconf 93' lang='lat' dir='ltr'>illo</span> <span class='ocrx_word' id='word_1_348' title='bbox 1332 2067 1536 2133; x_wconf 88' lang='lat' dir='ltr'>projiciet</span> <span class='ocrx_word' id='word_1_349' title='bbox 1560 2069 1704 2117; x_wconf 88' lang='lat' dir='ltr'>homo</span> <span class='ocrx_word' id='word_1_350' title='bbox 1721 2068 1833 2118; x_wconf 86' lang='lat' dir='ltr'>idola</span> <span class='ocrx_word' id='word_1_351' title='bbox 1855 2072 2022 2134; x_wconf 84' lang='lat' dir='ltr'>argenti</span> <span class='ocrx_word' id='word_1_352' title='bbox 2042 2071 2121 2132; x_wconf 84' lang='lat' dir='ltr'>sui</span> <span class='ocrx_word' id='word_1_353' title='bbox 2140 2069 2196 2118; x_wconf 81' lang='lat'><em>&amp;</em></span> <span class='ocrx_word' id='word_1_354' title='bbox 2219 2069 2332 2118; x_wconf 80' lang='lat' dir='ltr'>idola</span> 
     </span>
     <span class='ocr_line' id='line_1_30' title="bbox 354 2133 2333 2198; baseline 0.005 -21"><span class='ocrx_word' id='word_1_355' title='bbox 354 2133 458 2178; x_wconf 88' lang='lat' dir='ltr'>auri</span> <span class='ocrx_word' id='word_1_356' title='bbox 468 2135 555 2194; x_wconf 89' lang='lat' dir='ltr'>sui,</span> <span class='ocrx_word' id='word_1_357' title='bbox 591 2148 699 2197; x_wconf 85' lang='lat' dir='ltr'>quae</span> <span class='ocrx_word' id='word_1_358' title='bbox 714 2133 918 2184; x_wconf 90' lang='lat' dir='ltr'>fecerunt</span> <span class='ocrx_word' id='word_1_359' title='bbox 941 2135 1019 2184; x_wconf 89' lang='lat' dir='ltr'>fibi</span> <span class='ocrx_word' id='word_1_360' title='bbox 1044 2135 1101 2182; x_wconf 90' lang='lat' dir='ltr'>ad</span> <span class='ocrx_word' id='word_1_361' title='bbox 1127 2135 1456 2182; x_wconf 87' lang='lat' dir='ltr'>incurvandum</span> <span class='ocrx_word' id='word_1_362' title='bbox 1482 2134 1524 2182; x_wconf 89' lang='lat' dir='ltr'>se</span> <span class='ocrx_word' id='word_1_363' title='bbox 1545 2135 1676 2198; x_wconf 85' lang='lat' dir='ltr'>talpis</span> <span class='ocrx_word' id='word_1_364' title='bbox 1708 2135 1758 2183; x_wconf 91' lang='grc' dir='ltr'>ὅτ</span> <span class='ocrx_word' id='word_1_365' title='bbox 1790 2136 1954 2198; x_wconf 85' lang='lat' dir='ltr'>vespis,</span> <span class='ocrx_word' id='word_1_366' title='bbox 1989 2135 2045 2183; x_wconf 89' lang='lat' dir='ltr'>ad</span> <span class='ocrx_word' id='word_1_367' title='bbox 2071 2136 2333 2186; x_wconf 89' lang='lat' dir='ltr'>intrandum</span> 
     </span>
     <span class='ocr_line' id='line_1_31' title="bbox 354 2196 2330 2265; baseline 0.004 -22"><span class='ocrx_word' id='word_1_368' title='bbox 354 2196 402 2243; x_wconf 90' lang='lat' dir='ltr'>in</span> <span class='ocrx_word' id='word_1_369' title='bbox 426 2197 597 2245; x_wconf 80' lang='lat' dir='ltr'>fissuras</span> <span class='ocrx_word' id='word_1_370' title='bbox 622 2211 867 2262; x_wconf 89' lang='lat' dir='ltr'>petrarum,</span> <span class='ocrx_word' id='word_1_371' title='bbox 902 2202 954 2250; x_wconf 90' lang='grc' dir='ltr'>ὅτ</span> <span class='ocrx_word' id='word_1_372' title='bbox 977 2201 1023 2248; x_wconf 89' lang='lat' dir='ltr'>in</span> <span class='ocrx_word' id='word_1_373' title='bbox 1048 2199 1213 2249; x_wconf 82' lang='lat' dir='ltr'>fiffuras</span> <span class='ocrx_word' id='word_1_374' title='bbox 1231 2199 1478 2265; x_wconf 55' lang='lat' dir='ltr'>rupium’?</span> <span class='ocrx_word' id='word_1_375' title='bbox 1506 2215 1587 2248; x_wconf 88' lang='lat'>11:</span> <span class='ocrx_word' id='word_1_376' title='bbox 1614 2216 1687 2248; x_wconf 83' lang='lat'>20.</span> <span class='ocrx_word' id='word_1_377' title='bbox 1717 2217 1793 2249; x_wconf 88' lang='lat'>21.</span> <span class='ocrx_word' id='word_1_378' title='bbox 1817 2202 1948 2264; x_wconf 88' lang='lat' dir='ltr'>Cap:</span> <span class='ocrx_word' id='word_1_379' title='bbox 1972 2215 2093 2248; x_wconf 86' lang='lat' dir='ltr'>xxx1</span> <span class='ocrx_word' id='word_1_380' title='bbox 2114 2218 2125 2247; x_wconf 91' lang='lat'><strong>:</strong></span> <span class='ocrx_word' id='word_1_381' title='bbox 2155 2216 2201 2264; x_wconf 85' lang='lat'>7,</span> <span class='ocrx_word' id='word_1_382' title='bbox 2229 2202 2330 2251; x_wconf 89' lang='lat' dir='ltr'>ido-</span> 
     </span>
     <span class='ocr_line' id='line_1_32' title="bbox 352 2262 2330 2329; baseline 0.004 -21"><span class='ocrx_word' id='word_1_383' title='bbox 352 2262 394 2309; x_wconf 87' lang='lat' dir='ltr'>la</span> <span class='ocrx_word' id='word_1_384' title='bbox 416 2264 592 2324; x_wconf 87' lang='lat' dir='ltr'>argenti</span> <span class='ocrx_word' id='word_1_385' title='bbox 616 2280 700 2328; x_wconf 86' lang='lat' dir='ltr'>pro</span> <span class='ocrx_word' id='word_1_386' title='bbox 722 2266 842 2314; x_wconf 87' lang='lat' dir='ltr'>falfis</span> <span class='ocrx_word' id='word_1_387' title='bbox 864 2266 1107 2324; x_wconf 60' lang='lat' dir='ltr'>doetrinae,</span> <span class='ocrx_word' id='word_1_388' title='bbox 1140 2269 1191 2314; x_wconf 86' lang='lat'>&amp;</span> <span class='ocrx_word' id='word_1_389' title='bbox 1215 2266 1336 2314; x_wconf 88' lang='lat' dir='ltr'>idola</span> <span class='ocrx_word' id='word_1_390' title='bbox 1367 2266 1459 2313; x_wconf 87' lang='lat' dir='ltr'>auri</span> <span class='ocrx_word' id='word_1_391' title='bbox 1483 2281 1567 2329; x_wconf 85' lang='lat' dir='ltr'>pro</span> <span class='ocrx_word' id='word_1_392' title='bbox 1592 2265 1721 2314; x_wconf 86' lang='lat' dir='ltr'>malis</span> <span class='ocrx_word' id='word_1_393' title='bbox 1742 2265 2000 2321; x_wconf 59' lang='lat' dir='ltr'>doetrinae3</span> <span class='ocrx_word' id='word_1_394' title='bbox 2035 2267 2268 2316; x_wconf 87' lang='lat' dir='ltr'>incurvare</span> <span class='ocrx_word' id='word_1_395' title='bbox 2287 2268 2330 2316; x_wconf 92' lang='lat' dir='ltr'>se</span> 
     </span>
     <span class='ocr_line' id='line_1_33' title="bbox 353 2328 2328 2395; baseline 0.004 -20"><span class='ocrx_word' id='word_1_396' title='bbox 353 2328 487 2391; x_wconf 84' lang='lat' dir='ltr'>talpis</span> <span class='ocrx_word' id='word_1_397' title='bbox 522 2330 573 2378; x_wconf 86' lang='lat'>&amp;</span> <span class='ocrx_word' id='word_1_398' title='bbox 599 2330 762 2395; x_wconf 83' lang='lat' dir='ltr'>vespis,</span> <span class='ocrx_word' id='word_1_399' title='bbox 797 2347 848 2380; x_wconf 90' lang='lat' dir='ltr'>ac</span> <span class='ocrx_word' id='word_1_400' title='bbox 880 2336 1045 2381; x_wconf 84' lang='lat' dir='ltr'>intrare</span> <span class='ocrx_word' id='word_1_401' title='bbox 1068 2333 1114 2379; x_wconf 88' lang='lat' dir='ltr'>in</span> <span class='ocrx_word' id='word_1_402' title='bbox 1139 2331 1309 2379; x_wconf 81' lang='lat' dir='ltr'>fissuras</span> <span class='ocrx_word' id='word_1_403' title='bbox 1342 2344 1568 2395; x_wconf 85' lang='lat' dir='ltr'>petrarum</span> <span class='ocrx_word' id='word_1_404' title='bbox 1591 2331 1643 2379; x_wconf 84' lang='lat'>&amp;</span> <span class='ocrx_word' id='word_1_405' title='bbox 1665 2332 1849 2394; x_wconf 86' lang='lat' dir='ltr'>rupium</span> <span class='ocrx_word' id='word_1_406' title='bbox 1874 2347 1959 2395; x_wconf 91' lang='lat' dir='ltr'>pro</span> <span class='ocrx_word' id='word_1_407' title='bbox 1981 2331 2107 2380; x_wconf 90' lang='lat' dir='ltr'>cultu</span> <span class='ocrx_word' id='word_1_408' title='bbox 2130 2348 2188 2380; x_wconf 88' lang='lat' dir='ltr'>ex</span> <span class='ocrx_word' id='word_1_409' title='bbox 2210 2333 2328 2382; x_wconf 85' lang='lat' dir='ltr'>fallis</span> 
     </span>
     <span class='ocr_line' id='line_1_34' title="bbox 352 2394 2328 2462; baseline 0.004 -22"><span class='ocrx_word' id='word_1_410' title='bbox 352 2394 404 2440; x_wconf 88' lang='grc' dir='ltr'>ὅτ</span> <span class='ocrx_word' id='word_1_411' title='bbox 428 2395 559 2442; x_wconf 84' lang='lat' dir='ltr'>malis</span> <span class='ocrx_word' id='word_1_412' title='bbox 592 2397 714 2445; x_wconf 86' lang='lat' dir='ltr'>fidei.</span> <span class='ocrx_word' id='word_1_413' title='bbox 782 2399 932 2462; x_wconf 85' lang='lat' dir='ltr'>Apud</span> <span class='ocrx_word' id='word_1_414' title='bbox 957 2398 1172 2447; x_wconf 87' lang='lat' dir='ltr'>Eundem</span> <span class='ocrx_word' id='word_1_415' title='bbox 1208 2406 1243 2428; x_wconf 87' lang='lat'><strong>“</strong></span> <span class='ocrx_word' id='word_1_416' title='bbox 1263 2397 1529 2445; x_wconf 86' lang='lat' dir='ltr'>Immundum</span> <span class='ocrx_word' id='word_1_417' title='bbox 1553 2397 1811 2459; x_wconf 75' lang='lat' dir='ltr'>judicabitis</span> <span class='ocrx_word' id='word_1_418' title='bbox 1841 2407 2120 2461; x_wconf 83' lang='lat' dir='ltr'>tegumentum</span> <span class='ocrx_word' id='word_1_419' title='bbox 2143 2398 2328 2462; x_wconf 58' lang='lat' dir='ltr'>sculpti-4</span> 
     </span>
     <span class='ocr_line' id='line_1_35' title="bbox 350 2459 2324 2528; baseline 0.004 -23"><span class='ocrx_word' id='word_1_420' title='bbox 350 2459 455 2507; x_wconf 77' lang='lat' dir='ltr'>lium</span> <span class='ocrx_word' id='word_1_421' title='bbox 473 2461 655 2522; x_wconf 78' lang='lat' dir='ltr'>Argenti</span> <span class='ocrx_word' id='word_1_422' title='bbox 679 2465 763 2520; x_wconf 81' lang='lat' dir='ltr'>tui,</span> <span class='ocrx_word' id='word_1_423' title='bbox 797 2465 848 2512; x_wconf 87' lang='lat'>&amp;</span> <span class='ocrx_word' id='word_1_424' title='bbox 869 2466 1068 2513; x_wconf 61' lang='lat' dir='ltr'>amittam</span> <span class='ocrx_word' id='word_1_425' title='bbox 1094 2460 1239 2528; x_wconf 70' lang='lat' dir='ltr'>&#39;fufilis</span> <span class='ocrx_word' id='word_1_426' title='bbox 1261 2466 1362 2512; x_wconf 82' lang='lat' dir='ltr'>auri</span> <span class='ocrx_word' id='word_1_427' title='bbox 1383 2465 1450 2511; x_wconf 87' lang='lat' dir='ltr'>tui</span> <span class='ocrx_word' id='word_1_428' title='bbox 1468 2483 1483 2518; x_wconf 91' lang='lat'><em>3</em></span> <span class='ocrx_word' id='word_1_429' title='bbox 1520 2463 1747 2526; x_wconf 87' lang='lat' dir='ltr'>disperges</span> <span class='ocrx_word' id='word_1_430' title='bbox 1770 2479 1822 2510; x_wconf 90' lang='lat' dir='ltr'>ea</span> <span class='ocrx_word' id='word_1_431' title='bbox 1844 2463 1956 2511; x_wconf 88' lang='lat' dir='ltr'>ficut</span> <span class='ocrx_word' id='word_1_432' title='bbox 1978 2464 2324 2523; x_wconf 85' lang='lat' dir='ltr'>menstruatum,</span> 
     </span>
     <span class='ocr_line' id='line_1_36' title="bbox 348 2524 2326 2593; baseline 0.004 -22"><span class='ocrx_word' id='word_1_433' title='bbox 348 2524 512 2574; x_wconf 81' lang='lat' dir='ltr'>stercus</span> <span class='ocrx_word' id='word_1_434' title='bbox 539 2528 719 2577; x_wconf 85' lang='lat' dir='ltr'>vocabis</span> <span class='ocrx_word' id='word_1_435' title='bbox 743 2528 792 2576; x_wconf 90' lang='lat' dir='ltr'>id</span> <span class='ocrx_word' id='word_1_436' title='bbox 811 2528 843 2548; x_wconf 80' lang='lat'>&#39;²</span> <span class='ocrx_word' id='word_1_437' title='bbox 877 2545 998 2580; x_wconf 81' lang='lat' dir='ltr'><strong>xxx:</strong></span> <span class='ocrx_word' id='word_1_438' title='bbox 1028 2546 1107 2588; x_wconf 82' lang='lat'>22,</span> <span class='ocrx_word' id='word_1_439' title='bbox 1145 2537 1463 2593; x_wconf 86' lang='lat' dir='ltr'>tegumentum</span> <span class='ocrx_word' id='word_1_440' title='bbox 1490 2529 1763 2592; x_wconf 86' lang='lat' dir='ltr'>sculptilium</span> <span class='ocrx_word' id='word_1_441' title='bbox 1785 2529 2026 2591; x_wconf 85' lang='lat' dir='ltr'>argenti&amp;</span> <span class='ocrx_word' id='word_1_442' title='bbox 2044 2530 2235 2579; x_wconf 66' lang='lat' dir='ltr'>amifius</span> <span class='ocrx_word' id='word_1_443' title='bbox 2251 2530 2326 2578; x_wconf 90' lang='lat' dir='ltr'>fu-</span> 
     </span>
     <span class='ocr_line' id='line_1_37' title="bbox 351 2589 2326 2658; baseline 0.005 -23"><span class='ocrx_word' id='word_1_444' title='bbox 351 2589 438 2637; x_wconf 85' lang='lat' dir='ltr'>filis</span> <span class='ocrx_word' id='word_1_445' title='bbox 471 2592 582 2647; x_wconf 87' lang='lat' dir='ltr'>auri,</span> <span class='ocrx_word' id='word_1_446' title='bbox 617 2607 704 2656; x_wconf 88' lang='lat' dir='ltr'>pro</span> <span class='ocrx_word' id='word_1_447' title='bbox 726 2593 972 2645; x_wconf 85' lang='lat' dir='ltr'>scientificis</span> <span class='ocrx_word' id='word_1_448' title='bbox 993 2595 1088 2643; x_wconf 87' lang='lat' dir='ltr'>falfi</span> <span class='ocrx_word' id='word_1_449' title='bbox 1111 2597 1161 2644; x_wconf 85' lang='lat'>&amp;</span> <span class='ocrx_word' id='word_1_450' title='bbox 1186 2595 1312 2651; x_wconf 87' lang='lat' dir='ltr'>mali,</span> <span class='ocrx_word' id='word_1_451' title='bbox 1346 2610 1454 2658; x_wconf 88' lang='lat' dir='ltr'>quae</span> <span class='ocrx_word' id='word_1_452' title='bbox 1478 2609 1561 2657; x_wconf 93' lang='lat' dir='ltr'>pro</span> <span class='ocrx_word' id='word_1_453' title='bbox 1582 2594 1700 2643; x_wconf 80' lang='lat' dir='ltr'>veris</span> <span class='ocrx_word' id='word_1_454' title='bbox 1725 2596 1774 2643; x_wconf 87' lang='grc' dir='ltr'>ὅτ</span> <span class='ocrx_word' id='word_1_455' title='bbox 1797 2595 1928 2643; x_wconf 90' lang='lat' dir='ltr'>bonis</span> <span class='ocrx_word' id='word_1_456' title='bbox 1950 2595 2252 2658; x_wconf 86' lang='lat' dir='ltr'>agnoscuntur</span> <span class='ocrx_word' id='word_1_457' title='bbox 2274 2597 2326 2645; x_wconf 86' lang='grc' dir='ltr'>ὅτ</span> 
     </span>
     <span class='ocr_line' id='line_1_38' title="bbox 347 2657 2322 2722; baseline 0.005 -21"><span class='ocrx_word' id='word_1_458' title='bbox 347 2657 573 2704; x_wconf 89' lang='lat' dir='ltr'>coluntur.</span> <span class='ocrx_word' id='word_1_459' title='bbox 645 2659 792 2722; x_wconf 90' lang='lat' dir='ltr'>Apud</span> <span class='ocrx_word' id='word_1_460' title='bbox 818 2660 1032 2709; x_wconf 88' lang='lat' dir='ltr'>Eundem</span> <span class='ocrx_word' id='word_1_461' title='bbox 1070 2668 1103 2691; x_wconf 78' lang='lat'>‘⁴</span> <span class='ocrx_word' id='word_1_462' title='bbox 1122 2660 1329 2709; x_wconf 85' lang='lat' dir='ltr'>Indicavi</span> <span class='ocrx_word' id='word_1_463' title='bbox 1347 2661 1431 2708; x_wconf 85' lang='lat' dir='ltr'>tibi</span> <span class='ocrx_word' id='word_1_464' title='bbox 1455 2675 1514 2708; x_wconf 84' lang='lat' dir='ltr'>ex</span> <span class='ocrx_word' id='word_1_465' title='bbox 1534 2671 1662 2718; x_wconf 91' lang='lat' dir='ltr'>tunc,</span> <span class='ocrx_word' id='word_1_466' title='bbox 1698 2675 1755 2708; x_wconf 90' lang='lat' dir='ltr'>ne</span> <span class='ocrx_word' id='word_1_467' title='bbox 1783 2660 1972 2718; x_wconf 85' lang='lat' dir='ltr'>diceres,</span> <span class='ocrx_word' id='word_1_468' title='bbox 2007 2660 2163 2710; x_wconf 83' lang='lat' dir='ltr'>idolum</span> <span class='ocrx_word' id='word_1_469' title='bbox 2186 2678 2322 2711; x_wconf 82' lang='lat' dir='ltr'>meum</span> 
     </span>
     <span class='ocr_line' id='line_1_39' title="bbox 337 2723 2323 2793; baseline 0.002 -21"><span class='ocrx_word' id='word_1_470' title='bbox 337 2723 448 2786; x_wconf 89' lang='lat' dir='ltr'>fecit</span> <span class='ocrx_word' id='word_1_471' title='bbox 470 2723 578 2780; x_wconf 82' lang='lat' dir='ltr'>haec,</span> <span class='ocrx_word' id='word_1_472' title='bbox 615 2724 666 2772; x_wconf 91' lang='grc' dir='ltr'>ὅτ</span> <span class='ocrx_word' id='word_1_473' title='bbox 677 2726 875 2786; x_wconf 71' lang='lat' dir='ltr'>sculptile</span> <span class='ocrx_word' id='word_1_474' title='bbox 893 2742 1044 2784; x_wconf 87' lang='lat' dir='ltr'>meum,</span> <span class='ocrx_word' id='word_1_475' title='bbox 1068 2726 1119 2774; x_wconf 84' lang='grc' dir='ltr'>ὅτ</span> <span class='ocrx_word' id='word_1_476' title='bbox 1134 2727 1260 2787; x_wconf 73' lang='lat' dir='ltr'>ftfile</span> <span class='ocrx_word' id='word_1_477' title='bbox 1280 2741 1414 2774; x_wconf 79' lang='lat' dir='ltr'>meum</span> <span class='ocrx_word' id='word_1_478' title='bbox 1431 2729 1637 2788; x_wconf 85' lang='lat' dir='ltr'>praecepit</span> <span class='ocrx_word' id='word_1_479' title='bbox 1653 2741 1703 2774; x_wconf 82' lang='lat' dir='ltr'>ea</span> <span class='ocrx_word' id='word_1_480' title='bbox 1717 2725 1750 2746; x_wconf 90' lang='lat'>’&#39;</span> <span class='ocrx_word' id='word_1_481' title='bbox 1785 2741 1906 2774; x_wconf 76' lang='lat' dir='ltr'>var</span> <span class='ocrx_word' id='word_1_482' title='bbox 1923 2743 1939 2773; x_wconf 94' lang='lat'>1</span> <span class='ocrx_word' id='word_1_483' title='bbox 1953 2742 2003 2776; x_wconf 86' lang='lat'>1:</span> <span class='ocrx_word' id='word_1_484' title='bbox 2028 2742 2076 2788; x_wconf 83' lang='lat'>5,</span> <span class='ocrx_word' id='word_1_485' title='bbox 2112 2727 2187 2775; x_wconf 86' lang='lat' dir='ltr'>hic</span> <span class='ocrx_word' id='word_1_486' title='bbox 2208 2744 2323 2793; x_wconf 81' lang='lat' dir='ltr'>quo-</span> 
     </span>
     <span class='ocr_line' id='line_1_40' title="bbox 350 2788 2320 2856; baseline 0.004 -19"><span class='ocrx_word' id='word_1_487' title='bbox 350 2803 444 2854; x_wconf 87' lang='lat' dir='ltr'>que</span> <span class='ocrx_word' id='word_1_488' title='bbox 467 2788 660 2846; x_wconf 91' lang='lat' dir='ltr'>idolum,</span> <span class='ocrx_word' id='word_1_489' title='bbox 696 2789 919 2855; x_wconf 87' lang='lat' dir='ltr'>sculptile,</span> <span class='ocrx_word' id='word_1_490' title='bbox 955 2793 1006 2842; x_wconf 88' lang='grc' dir='ltr'>ὅτ</span> <span class='ocrx_word' id='word_1_491' title='bbox 1027 2791 1171 2848; x_wconf 84' lang='lat' dir='ltr'>fufile,</span> <span class='ocrx_word' id='word_1_492' title='bbox 1207 2801 1294 2856; x_wconf 86' lang='lat' dir='ltr'>pro</span> <span class='ocrx_word' id='word_1_493' title='bbox 1328 2791 1649 2840; x_wconf 81' lang='lat' dir='ltr'>doctrinalibus</span> <span class='ocrx_word' id='word_1_494' title='bbox 1686 2808 1743 2839; x_wconf 86' lang='lat' dir='ltr'>ex</span> <span class='ocrx_word' id='word_1_495' title='bbox 1781 2793 1966 2856; x_wconf 88' lang='lat' dir='ltr'>propria</span> <span class='ocrx_word' id='word_1_496' title='bbox 2004 2793 2320 2855; x_wconf 81' lang='lat' dir='ltr'>intelligentia.</span> 
     </span>
     <span class='ocr_line' id='line_1_41' title="bbox 345 2850 2329 2923; baseline 0.002 -19"><span class='ocrx_word' id='word_1_497' title='bbox 345 2854 495 2920; x_wconf 89' lang='lat' dir='ltr'>Apud</span> <span class='ocrx_word' id='word_1_498' title='bbox 514 2855 770 2917; x_wconf 75' lang='lat' dir='ltr'>jeremiam</span> <span class='ocrx_word' id='word_1_499' title='bbox 823 2865 859 2888; x_wconf 89' lang='lat'><strong>“</strong></span> <span class='ocrx_word' id='word_1_500' title='bbox 880 2850 1215 2907; x_wconf 66' lang='lat' dir='ltr'>Stultus&#39;factus</span> <span class='ocrx_word' id='word_1_501' title='bbox 1237 2856 1302 2904; x_wconf 85' lang='lat' dir='ltr'>est</span> <span class='ocrx_word' id='word_1_502' title='bbox 1322 2857 1475 2905; x_wconf 88' lang='lat' dir='ltr'>omnis</span> <span class='ocrx_word' id='word_1_503' title='bbox 1496 2858 1639 2906; x_wconf 89' lang='lat' dir='ltr'>horno</span> <span class='ocrx_word' id='word_1_504' title='bbox 1670 2868 1696 2904; x_wconf 84' lang='lat' dir='ltr'>a</span> <span class='ocrx_word' id='word_1_505' title='bbox 1732 2857 1924 2915; x_wconf 87' lang='lat' dir='ltr'>scientia,</span> <span class='ocrx_word' id='word_1_506' title='bbox 1941 2916 1945 2920; x_wconf 76' lang='lat'><strong><em>‚</em></strong></span> <span class='ocrx_word' id='word_1_507' title='bbox 1952 2858 2114 2923; x_wconf 85' lang='lat' dir='ltr'>pudore</span> <span class='ocrx_word' id='word_1_508' title='bbox 2143 2858 2329 2921; x_wconf 70' lang='lat' dir='ltr'>affet‘t&#39;us&#39;</span> 
     </span>
     <span class='ocr_line' id='line_1_42' title="bbox 345 2921 2323 2988; baseline 0.003 -21"><span class='ocrx_word' id='word_1_509' title='bbox 345 2921 401 2982; x_wconf 82' lang='lat' dir='ltr'>est</span> <span class='ocrx_word' id='word_1_510' title='bbox 416 2923 553 2968; x_wconf 83' lang='lat' dir='ltr'>omnis</span> <span class='ocrx_word' id='word_1_511' title='bbox 575 2921 777 2984; x_wconf 86' lang='lat' dir='ltr'>conflator</span> <span class='ocrx_word' id='word_1_512' title='bbox 797 2940 827 2971; x_wconf 85' lang='lat' dir='ltr'><em>a</em></span> <span class='ocrx_word' id='word_1_513' title='bbox 836 2924 1046 2988; x_wconf 81' lang='lat' dir='ltr'>sculptili,</span> <span class='ocrx_word' id='word_1_514' title='bbox 1079 2926 1178 2987; x_wconf 83' lang='lat' dir='ltr'>quia</span> <span class='ocrx_word' id='word_1_515' title='bbox 1201 2922 1458 2972; x_wconf 83' lang='lat' dir='ltr'>mendacium</span> <span class='ocrx_word' id='word_1_516' title='bbox 1479 2923 1610 2985; x_wconf 68' lang='lat' dir='ltr'>fusile</span> <span class='ocrx_word' id='word_1_517' title='bbox 1632 2924 1725 2987; x_wconf 84' lang='lat' dir='ltr'>ejus</span> <span class='ocrx_word' id='word_1_518' title='bbox 1745 2944 1760 2978; x_wconf 90' lang='lat'><em>3</em></span> <span class='ocrx_word' id='word_1_519' title='bbox 1795 2937 1944 2988; x_wconf 87' lang='lat' dir='ltr'>neque</span> <span class='ocrx_word' id='word_1_520' title='bbox 1960 2925 2145 2986; x_wconf 77' lang='lat' dir='ltr'>&#39;spiritus</span> <span class='ocrx_word' id='word_1_521' title='bbox 2170 2928 2215 2972; x_wconf 91' lang='lat' dir='ltr'>in</span> <span class='ocrx_word' id='word_1_522' title='bbox 2240 2926 2323 2984; x_wconf 71' lang='lat' dir='ltr'>eis,</span> 
     </span>
     <span class='ocr_line' id='line_1_43' title="bbox 346 2985 2322 3055; baseline 0.004 -22"><span class='ocrx_word' id='word_1_523' title='bbox 346 2988 516 3036; x_wconf 88' lang='lat' dir='ltr'>vanitas</span> <span class='ocrx_word' id='word_1_524' title='bbox 537 2986 627 3045; x_wconf 89' lang='lat' dir='ltr'>illa,</span> <span class='ocrx_word' id='word_1_525' title='bbox 661 3003 779 3055; x_wconf 91' lang='lat' dir='ltr'>opus</span> <span class='ocrx_word' id='word_1_526' title='bbox 796 3004 998 3037; x_wconf 87' lang='lat' dir='ltr'>errorum</span> <span class='ocrx_word' id='word_1_527' title='bbox 1020 2985 1052 3009; x_wconf 81' lang='lat'>¹’</span> <span class='ocrx_word' id='word_1_528' title='bbox 1087 3006 1120 3038; x_wconf 85' lang='lat' dir='ltr'><strong>x</strong></span> <span class='ocrx_word' id='word_1_529' title='bbox 1140 3006 1151 3037; x_wconf 91' lang='lat'><strong>:</strong></span> <span class='ocrx_word' id='word_1_530' title='bbox 1184 3006 1256 3050; x_wconf 91' lang='lat'>14.</span> <span class='ocrx_word' id='word_1_531' title='bbox 1288 3006 1366 3050; x_wconf 87' lang='lat'>15,</span> <span class='ocrx_word' id='word_1_532' title='bbox 1400 2988 1540 3036; x_wconf 85' lang='lat' dir='ltr'>etiam</span> <span class='ocrx_word' id='word_1_533' title='bbox 1566 2988 1639 3037; x_wconf 89' lang='lat' dir='ltr'>hic</span> <span class='ocrx_word' id='word_1_534' title='bbox 1662 2989 1866 3053; x_wconf 84' lang='lat' dir='ltr'>sculptile</span> <span class='ocrx_word' id='word_1_535' title='bbox 1883 2991 1933 3039; x_wconf 82' lang='grc' dir='ltr'>ὅτ</span> <span class='ocrx_word' id='word_1_536' title='bbox 1952 2989 2079 3037; x_wconf 84' lang='lat' dir='ltr'>fufile</span> <span class='ocrx_word' id='word_1_537' title='bbox 2103 3006 2188 3053; x_wconf 90' lang='lat' dir='ltr'>pro</span> <span class='ocrx_word' id='word_1_538' title='bbox 2210 2992 2322 3040; x_wconf 86' lang='lat' dir='ltr'>doc-</span> 
     </span>
     <span class='ocr_line' id='line_1_44' title="bbox 345 3052 2315 3119; baseline 0.003 -18"><span class='ocrx_word' id='word_1_539' title='bbox 345 3052 575 3101; x_wconf 85' lang='lat' dir='ltr'>trinalibus</span> <span class='ocrx_word' id='word_1_540' title='bbox 599 3067 657 3102; x_wconf 87' lang='lat' dir='ltr'>ex</span> <span class='ocrx_word' id='word_1_541' title='bbox 679 3054 860 3119; x_wconf 86' lang='lat' dir='ltr'>propria</span> <span class='ocrx_word' id='word_1_542' title='bbox 885 3055 1203 3118; x_wconf 81' lang='lat' dir='ltr'>intelligentia,</span> <span class='ocrx_word' id='word_1_543' title='bbox 1254 3068 1363 3118; x_wconf 80' lang='lat' dir='ltr'>quae</span> <span class='ocrx_word' id='word_1_544' title='bbox 1382 3053 1429 3101; x_wconf 85' lang='lat' dir='ltr'>in</span> <span class='ocrx_word' id='word_1_545' title='bbox 1451 3067 1634 3104; x_wconf 87' lang='lat' dir='ltr'>externa</span> <span class='ocrx_word' id='word_1_546' title='bbox 1665 3055 1831 3112; x_wconf 82' lang='lat' dir='ltr'>forma,</span> <span class='ocrx_word' id='word_1_547' title='bbox 1882 3055 1989 3119; x_wconf 84' lang='lat' dir='ltr'>quia</span> <span class='ocrx_word' id='word_1_548' title='bbox 2012 3070 2071 3103; x_wconf 78' lang='lat' dir='ltr'>ex</span> <span class='ocrx_word' id='word_1_549' title='bbox 2094 3056 2217 3106; x_wconf 88' lang='lat' dir='ltr'>sensu</span> <span class='ocrx_word' id='word_1_550' title='bbox 2239 3073 2315 3106; x_wconf 84' lang='lat' dir='ltr'>ex-</span> 
     </span>
     <span class='ocr_line' id='line_1_45' title="bbox 343 3118 2317 3197; baseline 0 -28"><span class='ocrx_word' id='word_1_551' title='bbox 343 3130 472 3169; x_wconf 88' lang='lat' dir='ltr'>terno</span> <span class='ocrx_word' id='word_1_552' title='bbox 489 3118 647 3189; x_wconf 71' lang='lat' dir='ltr'>Yerbi‚</span> <span class='ocrx_word' id='word_1_553' title='bbox 685 3133 905 3193; x_wconf 67' lang='lat' dir='ltr'>apparent</span> <span class='ocrx_word' id='word_1_554' title='bbox 927 3122 1038 3190; x_wconf 72' lang='lat' dir='ltr'>licut</span> <span class='ocrx_word' id='word_1_555' title='bbox 1061 3137 1186 3192; x_wconf 67' lang='lat' dir='ltr'>gera,</span> <span class='ocrx_word' id='word_1_556' title='bbox 1208 3119 1284 3189; x_wconf 79' lang='lat' dir='ltr'>sed</span> <span class='ocrx_word' id='word_1_557' title='bbox 1305 3119 1354 3188; x_wconf 79' lang='lat' dir='ltr'>in</span> <span class='ocrx_word' id='word_1_558' title='bbox 1370 3120 1543 3187; x_wconf 66' lang='lat' dir='ltr'>interna</span> <span class='ocrx_word' id='word_1_559' title='bbox 1562 3118 1711 3174; x_wconf 81' lang='lat' dir='ltr'>forma</span> <span class='ocrx_word' id='word_1_560' title='bbox 1734 3123 1832 3172; x_wconf 88' lang='lat' dir='ltr'>sunt</span> <span class='ocrx_word' id='word_1_561' title='bbox 1849 3121 1953 3170; x_wconf 83' lang='lat' dir='ltr'>falsa</span> <span class='ocrx_word' id='word_1_562' title='bbox 1972 3142 1988 3180; x_wconf 91' lang='lat'><em>3</em></span> <span class='ocrx_word' id='word_1_563' title='bbox 2007 3121 2131 3172; x_wconf 76' lang='lat' dir='ltr'>inde</span> <span class='ocrx_word' id='word_1_564' title='bbox 2148 3123 2317 3197; x_wconf 75' lang='lat' dir='ltr'>dicitur</span> 
     </span>
    </p>

    <p class='ocr_par' dir='ltr' id='par_1_5' title="bbox 2277 3203 2318 3238">
     <span class='ocr_line' id='line_1_46' title="bbox 2277 3203 2318 3238; baseline -0.024 0"><span class='ocrx_word' id='word_1_565' title='bbox 2277 3203 2318 3238; x_wconf 74' lang='lat'>18</span> 
     </span>
    </p>
   </div>
  </div>
 </body>
</html>
