2644 3796
1374 11 1390 42 ’Ἰ

694 271 1031 339 CAPUT
1077 270 1558 337 DECIMUM
1600 271 2024 349 SEXTUM.
2324 297 2363 357 9

418 404 561 469 85399.
598 402 883 462 Quodinter
906 403 1033 451 Elim
1055 403 1106 451 &
1130 404 1248 450 inter
1269 402 1406 458 Sinai,
1440 401 1569 466 quod
1591 400 1814 466 fignificet
1836 401 2110 449 continuum
2137 401 2185 448 &
2210 403 2358 466 quale,

345 470 520 520 constat
540 487 599 518 ex
622 469 945 534 fignificatione
967 471 1095 518 Elim
1119 472 1168 518 ὅτ
1191 469 1596 532 ex‘fignificatione
1621 471 1758 525 binai,
1794 485 1851 515 ex
1873 468 2039 532 quibus
2066 468 2208 531 liquet
2241 469 2356 532 quid

346 539 435 585 hoc
457 538 779 584 intermedium
803 537 1059 600 fignificat3
1095 537 1223 585 Elim
1255 539 1378 584 enim
1410 552 1468 583 ex
1501 534 1703 583 fontibus
1738 537 1788 583 ὅτ
1818 536 1981 598 palmis
2002 550 2109 598 quae
2134 535 2195 581 ibi
2218 534 2353 597 signi-

345 603 452 651 ficat
488 619 652 651 verum
690 604 740 651 ὅτ
777 603 952 651 bonum
992 619 1099 668 quae
1143 603 1246 650 sunt
1289 601 1604 651 consolationis
1647 602 1749 666 post
1785 600 2098 657 tentationem,
2147 601 2355 648 videatur

345 669 512 718 Versus
543 670 734 717 ultimus
759 670 935 733 Capitis
968 669 1300 734 praecedentis;
1336 671 1387 717 ὅτ
1410 670 1532 716 Sinai
1563 684 1620 716 ex
1643 669 1790 732 Lege,
1827 685 1934 733 quae
1963 669 2026 715 ibi
2061 669 2354 731 promulgata

342 735 425 793 est,
459 736 683 799 fignificat
706 736 956 784 bonum&
978 737 1084 784 inde
1108 752 1269 784 verum
1289 758 1304 791 ·,
1340 735 1447 783 inde
1469 737 1740 784 continuum
1764 737 1814 783 ὅτ
1836 735 1967 800 quale
2002 735 2129 798 quod
2155 751 2251 798 ,per
2274 736 2352 781 Sin

344 803 640 867 significatur,
675 802 738 850 est
773 802 950 850 bonum‘
981 803 1108 866 quod
1144 819 1203 850 ex
1234 818 1358 851 vero.
1418 804 1612 850 'Bonum
1648 802 1777 866 quod
1816 818 1872 849 ex
1911 819 2036 858 vero,
2071 802 2136 849 est
2179 802 2352 850 bonum

345 870 473 934 quod
495 870 618 933 apud
643 868 918 933 spiritualem
943 869 1179 917 hominem
1213 869 1276 916 est
1308 882 1411 916 ante
1440 871 1839 932 regenerationem,
1875 885 1980 916 nam
2006 883 2116 916 tunc
2139 866 2246 916 facit
2272 869 2351 923 bo-

346 952 460 984 num
501 952 557 983 ex
591 952 718 993 vero,
753 936 841 983 hoc
880 936 961 993 est,
995 938 1103 999 quia
1139 937 1200 984 ita
1239 936 1508 983 mandatum
1542 935 1623 992 est,
1660 935 1851 998 proinde
1887 952 1945 982 ex
1983 935 2270 991 obedientia3
2309 949 2352 983 at

345 1002 604 1060 bonumex
625 1018 721 1066 quo
743 1017 924 1060 verum,
959 1001 1023 1049 est
1047 1001 1223 1050 bonum
1257 1003 1384 1066 quod
1417 1002 1558 1067 apud*
1576 1002 1848 1066 spiritualem
1884 1002 2119 1050 hominem
2157 1001 2219 1049 est
2251 1003 2352 1066 post

345 1070 745 1132 regenerationem,
780 1084 887 1116 nam
911 1081 1023 1117 tunc
1046 1068 1223 1117 bonum
1247 1067 1357 1117 facit
1377 1079 1437 1116 ex
1457 1062 1722 1117 affectione:
1760 1071 1886 1132 prius
1918 1069 2091 1116 bonum
2129 1069 2350 1133 fignifica-

344 1148 422 1184 tur
442 1150 524 1199 per
547 1136 645 1192 Sin,
680 1134 899 1199 posterius
931 1151 1014 1200 per
1035 1135 1171 1183 Sinai.

413 1205 557 1263 8400.
592 1203 647 1250 In
680 1203 845 1266 quinto
879 1201 1063 1250 decimo
1101 1202 1175 1251 die
1215 1201 1355 1250 mensi
1394 1201 1592 1250 secundo
1628 1201 1854 1265 fignificat
1890 1203 2054 1250 statum
2090 1202 2349 1266 respective,

341 1268 522 1317 constat⁴
536 1284 594 1316 ex
617 1268 943 1333 significatione
963 1270 1143 1317 numeri
1162 1269 1462 1334 quffidecimi,
1496 1285 1555 1316 ex
1577 1268 1902 1332 fignificatione
1925 1270 2031 1325 diei,
2067 1271 2117 1317 ὅτ
2139 1286 2195 1317 ex
2215 1270 2351 1334 figni-

343 1336 553 1384 ficatione
575 1336 768 1391 menfis;
803 1350 885 1399 per
924 1335 1122 1384 mensem
1163 1336 1443 1400 fignificatur
1480 1335 1583 1384 finis
1617 1336 1755 1384 status
1792 1337 1952 1399 prioris
1994 1339 2042 1384 ὅτ
2072 1339 2350 1401 principium

343 1400 585 1466 sequentis,
621 1403 682 1450 ita
702 1402 840 1469 status
865 1419 1030 1460 novus,
1066 1419 1128 1451 n:
1158 1408 1321 1467 38143
1357 1419 1440 1466 per
1462 1403 1585 1449 diem
1610 1402 1888 1467 significatur
1923 1402 2061 1451 status
2094 1405 2140 1450 in
2171 1415 2349 1468 genere,

345 1485 409 1517 n:
436 1485 517 1533 23.
539 1473 654 1534 487.
679 1473 792 1529 488.
818 1486 933 1533 493.
963 1474 1072 1534 893.
1105 1474 1251 1534 2788.
1278 1470 1420 1532 3462.
1456 1474 1601 1534 3785.
1625 1476 1773 1532 4850.
1805 1471 1968 1533 7680;
2012 1470 2064 1517 &
2103 1486 2184 1533 per
2218 1473 2352 1534 quin-

343 1547 395 1583 tu
468 1536 706 1584 decimum
730 1534 1007 1599 fignificatur
1029 1552 1225 1593 novum,
1261 1551 1368 1584 nam
1402 1552 1484 1600 per
1508 1536 1875 1601 quatuordecim,
1911 1537 1986 1584 seu
2008 1536 2119 1585 duas
2143 1537 2350 1602 septima-

341 1617 420 1651 nas
460 1601 720 1666 ignificatur
742 1603 916 1667 integra
936 1603 1167 1667 periodus,
1202 1603 1276 1651 seu
1299 1602 1435 1651 status
1458 1617 1485 1650 a
1506 1604 1734 1668 principio
1755 1603 1813 1650 ad
1838 1604 1976 1654 finem
2001 1601 2114 1667 ejus,
2150 1622 2179 1652 n
2200 1623 2211 1651 :
2241 1621 2297 1668 72
2307 1610 2348 1654 8.

324 1686 491 1731 2044.
520 1672 676 1732 3845;
712 1669 818 1717 inde
840 1685 922 1735 per
943 1670 1208 1734 quindecim
1231 1667 1508 1734 fignificatur
1531 1686 1726 1728 novum,
1762 1671 1837 1718 hic
1860 1671 2038 1719 novum
2062 1672 2189 1728 vitae,
2224 1674 2353 1736 quod

343 1735 621 1800 fignificatur
652 1751 734 1800 per
766 1752 979 1785 mannam
1003 1753 1144 1801 quam
1170 1753 1197 1784 e
1229 1737 1355 1785 coelo
1382 1751 1682 1802 acceperunt;
1719 1753 1885 1787 manna
1916 1739 2040 1785 enim
2078 1731 2352 1787 est‘bonum

342 1804 458 1860 veri,
493 1802 622 1867 quod
660 1801 726 1851 est
758 1805 854 1852 vita
890 1804 1089 1852 hominis
1127 1802 1397 1869 spiritualis;
1432 1803 1576 1852 simile
1608 1806 1734 1852 enim
1764 1821 1846 1870 per
1877 1805 2140 1869 quindecim
2179 1805 2352 1870 fignifi-

342 1882 486 1928 catur‚
520 1869 648 1934 quod
671 1885 752 1935 per
773 1871 896 1929 octo,
933 1886 1038 1919 nam
1062 1871 1157 1918 dies
1179 1870 1368 1919 octavus
1390 1869 1454 1919 est
1475 1870 1571 1919 dies
1593 1872 1771 1936 primus
1800 1871 2021 1937 sequentis
2054 1871 2315 1935 septimanae
2334 1897 2350 1929 ς

340 1937 471 2000 quod
509 1937 727 1986 octavum
767 1936 822 1986 fit
860 1937 1140 2002 principium
1178 1937 1508 2002 quodcunque,
1544 1939 1607 1987 ita
1639 1954 1815 1987 novum
1839 1954 1866 1985 a
1895 1940 2036 2003 priori
2069 1938 2350 1998 distinctum,

339 2003 550 2052 videatur
582 2019 645 2053 n:
673 2020 820 2066 2044.
847 2005 1011 2061 2866·,
1048 2005 1099 2054 &
1130 2005 1258 2069 quod
1292 2020 1454 2052 omnes
1493 2007 1672 2066 numeri
1708 2007 1756 2054 in
1779 2003 1936 2054 Verbo
1975 2006 2241 2070 fignificent
2263 2023 2348 2063 τες,

342 2085 407 2118 n:
442 2074 556 2131 482.
594 2075 708 2135 487.
749 2086 862 2136 575.
904 2078 1016 2136 647.
1058 2071 1171 2134 648.
1215 2087 1325 2137 755.
1370 2076 1480 2137 813.
1512 2074 1651 2138 19ss
1684 2077 1823 2137 1988.
1861 2090 2007 2139 2075.
2032 2089 2176 2136 2252.
2204 2091 2347 2137 3252.

340 2137 488 2199 4264.
510 2155 659 2202 4495.
685 2138 832 2203 4670.
846 2141 1004 2215 5²⁶5·
1031 2139 1177 2204 6175.
1418 2205 1428 2216 ·
1750 2206 1759 2216 ·

413 2208 557 2265 8401.
594 2204 675 2252 Ad
699 2207 821 2253 exire
844 2205 1028 2254 illorum
1053 2221 1078 2253 e
1100 2218 1215 2254 terra
1229 2206 1449 2270 AEgypti,
1482 2205 1611 2270 quod
1647 2206 1872 2270 significet
1893 2205 1951 2254 ad
1974 2205 2139 2256 statum
2165 2206 2349 2256 illorum

339 2286 451 2319 cum
488 2272 694 2336 primum
733 2271 907 2320 liberati
944 2272 1002 2320 ab
1047 2269 1420 2331 infestationibuS,
1471 2272 1645 2321 constat
1677 2289 1736 2322 ex
1774 2273 2098 2337 significatione
2136 2275 2258 2323 exire
2297 2277 2348 2323 ὅτ

338 2337 490 2395 educi,
526 2339 654 2402 quod
692 2337 747 2386 fit
784 2338 977 2404 liberari,
1013 2339 1071 2387 de
1104 2355 1195 2404 qua
1229 2339 1393 2404 saepius
1413 2362 1429 2395 ·‚
1464 2339 1516 2387 ὅτ
1537 2355 1595 2387 ex
1617 2340 1943 2413 significatione
1974 2353 2106 2390 terrae
2128 2343 2345 2407 AEgypti,

335 2405 467 2469 quod
483 2404 568 2453 sint
584 2402 883 2454 infestationes
903 2406 960 2454 ab
983 2405 1071 2454 illis
1091 2407 1173 2471 qui
1196 2408 1244 2455 in
1266 2406 1390 2466 malo
1411 2407 1462 2455 ὅτ
1485 2406 1591 2455 inde
1613 2405 1746 2465 falsis,
1781 2407 1840 2455 de
1861 2423 1953 2472 qua
1975 2425 2005 2456 n
2025 2426 2037 2456 ε
2067 2414 2210 2474 7278.

412 2474 555 2531 8402.
600 2471 722 2520 Vers
730 2492 742 2520 ε
771 2490 814 2522 2.
844 2491 887 2537 3.
948 2474 1012 2521 Et
1049 2474 1373 2522 murmurabant
1414 2475 1546 2532 onmis
1588 2484 1719 2522 caetus
1748 2473 1943 2535 filiorum
1982 2475 2153 2538 Israelis
2196 2486 2346 2524 contra

340 2538 548 2601 Moschen
569 2539 626 2588 δέ’
647 2549 797 2587 oentra
813 2539 1057 2588 Aharonem
1087 2542 1135 2588 in
1167 2540 1341 2604 deserto.
1412 2541 1480 2588 Et
1500 2539 1701 2589 dixerunt
1721 2541 1784 2589 ad
1802 2541 1895 2588 illos
1919 2539 2009 2600 filii
2030 2543 2219 2606 ffiaelis,
2254 2546 2347 2608 quis

338 2602 481 2662 dabit,
521 2607 681 2653 mortui
704 2604 927 2672 suiffemus
960 2623 1089 2655 manu
1111 2607 1295 2671 Jehovae
1327 2609 1373 2654 in
1409 2617 1530 2655 terra
1551 2609 1755 2671 AEgypti‚
1789 2609 1836 2654 in
1848 2608 2027 2672 sedendo
2049 2625 2122 2658 nos
2143 2610 2204 2658 ad
2222 2610 2346 2658 ollam

338 2673 500 2728 carnis,
534 2673 580 2719 in
615 2672 765 2721 edendo
799 2688 873 2721 nos
901 2685 1058 2735 panem
1092 2673 1155 2722 ad
1177 2661 1464 2736 salietatem3
1499 2676 1601 2739 quia
1632 2673 1826 2736 eduxtstis
1849 2691 1922 2722 nos
1944 2675 2005 2724 ad
2023 2675 2228 2740 desertum
2250 2677 2344 2733 hoc,

334 2737 399 2785 ad
418 2738 678 2786 occidendum
700 2756 858 2788 omnem
879 2742 1236 2803 congregationem
1256 2740 1368 2788 hanc
1378 2740 1515 2803 fame.
1573 2741 1639 2790 Et
1662 2741 2007 2790 murmurabant
2028 2744 2178 2791 omnis
2202 2755 2345 2791 caetus

337 2804 541 2852 filiorum
559 2804 743 2863 Israelis,
767 2806 988 2871 fignificat
1011 2806 1304 2855 indolentiam
1321 2808 1371 2856 &
1392 2807 1500 2856 inde
1521 2809 1854 2871 querimoniam
1878 2821 2064 2873 propter
2087 2811 2346 2859 tentationis

337 2872 640 2934 gravitatem:
691 2884 848 2920 contra
883 2872 1108 2921 Moschen
1151 2875 1202 2923 ὅτ
1236 2887 1394 2922 contra
1418 2874 1702 2932 Aharonem,
1747 2874 1969 2938 fignificat
2010 2891 2170 2924 verum
2213 2879 2345 2930 Divi-

338 2953 483 2986 num:
521 2939 567 2985 in
593 2938 782 2996 deserto,
818 2939 1042 3002 fignificat
1065 2939 1232 2988 statum
1265 2943 1523 2989 tentationis
1544 2959 1553 2989 :
1593 2943 1639 2989 ὅτ
1666 2941 1880 2989 dixerunt
1902 2942 1959 2989 ad
1984 2942 2083 2991 illos
2107 2943 2189 2991 filii
2212 2943 2344 3003 Israe-

338 3003 410 3059 lis,
446 3003 667 3068 fignificat
695 3006 1023 3070 cogitationem
1045 3022 1103 3054 ex
1125 3007 1368 3056 anxietate:
1403 3009 1507 3071 quis
1545 3007 1688 3064 dabit,
1725 3009 1897 3056 mortui
1936 3006 2166 3057 fuiffemus
2205 3027 2344 3059 manu

337 3069 533 3131 Jehovae
554 3071 601 3118 in
625 3084 741 3120 terra
755 3073 974 3136 AEgypti‚
1009 3072 1231 3137 fignificat
1263 3074 1392 3137 quod
1433 3073 1687 3138 praestiterit
1718 3075 1895 3122 relictos
1929 3074 2055 3123 fuifle
2091 3093 2117 3125 a
2137 3078 2347 3126 Domino

332 3149 608 3193 cumcrant
647 3140 695 3186 in
732 3138 847 3186 statu
884 3137 1251 3188 infestationum:
1288 3143 1336 3188 in
1359 3139 1555 3189 sedendo
1578 3157 1661 3189 nos
1684 3141 1741 3188 ad
1764 3141 1905 3189 ollam
1929 3144 2090 3201 carnis,
2125 3144 2346 3208 fignificat

336 3204 481 3252 vitam
521 3204 770 3255 secundum
809 3205 1012 3262 libitum,
1047 3207 1098 3255 ὅτ
1137 3206 1249 3255 ficut
1287 3208 1677 3271 concupiverunt:
1715 3209 1762 3255 in
1784 3209 1962 3256 edendo
1986 3225 2068 3257 nos
2101 3227 2265 3274 panem
2288 3212 2346 3259 ad

331 3268 593 3330 satietatem,
628 3271 853 3336 fignificat
883 3272 1011 3339 quod
1047 3273 1108 3322 fic
1142 3273 1265 3323 bono
1296 3274 1594 3338 voluptatum
1626 3274 1880 3324 fruerentur
1902 3289 2126 3341 quantum
2149 3278 2345 3327 vellent:

1416 3342 1455 3389 B
2252 3347 2360 3413 quia
