2684 3672
1734 39 1756 48 r»

654 208 988 293 CAPUT
1034 191 1511 288 DECIMUM
1556 223 1978 288 SEXTUM.
2208 230 2308 312 *33

304 374 395 410 non
415 358 575 424 fidem,
610 361 660 409 &
684 358 788 406 inde
812 374 902 405 non
935 353 1238 405 obedientiam
1258 373 1269 403 ε
1306 354 1358 402 &
1383 352 1612 401 residuum
1646 350 1849 400 fecerunt
1871 353 1958 400 viri
1982 354 2138 418 exilio
2162 356 2302 420 usque

301 427 359 474 ad
382 437 527 483 maie,
563 425 784 488 fignificat
821 424 1009 472 abusum
1050 424 1157 472 boni
1179 423 1358 478 Divini,
1393 420 1517 485 quod
1560 435 1616 466 ex
1653 418 1693 466 se
1727 419 1807 466 fibi
1839 419 1886 466 id
1922 436 2181 483 comparare
2204 425 2299 470 vel-

301 493 424 541 lent:
458 482 510 540 ¹&
532 493 847 539 vermiculavit
871 507 1067 548 vermes,
1101 488 1323 553 significat
1342 487 1469 551 quod
1504 485 1609 534 inde
1639 485 1883 550 spurcum:
1923 489 1969 534 &
1996 492 2296 550 computruit,

262 592 270 595 κ
299 558 520 623 fignificat
555 559 660 607 inde
695 557 937 606 infernale:
984 558 1035 605 δε
1067 554 1314 608 succensuit
1354 554 1484 619 super
1521 553 1622 602 illos
1646 552 1886 612 Moscheh,
1922 553 2141 617 fignificat
2173 559 2296 619 quoti

299 638 547 674 averterent
571 625 676 672 inde
698 642 723 672 a
746 624 786 672 se
804 626 981 672 Verum
1002 624 1243 672 Divinum.

371 697 513 758 8477.
551 693 615 740 Et
647 692 763 739 dixit
797 690 1019 739 Moscheh
1050 690 1107 738 ad
1140 689 1259 747 illos,
1293 687 1420 751 quod
1458 686 1682 752 significet
1715 685 2092 744 exhortationem,
2129 688 2303 737 constat

299 776 357 807 ex
381 759 704 823 significatione
726 759 891 814 dicere,
923 755 1051 821 quod
1089 754 1295 805 involvat
1324 754 1382 802 id
1413 755 1541 819 quod
1575 753 1789 818 sequitur,
1825 753 1899 801 hic
1922 755 2302 822 exhortationem,

302 843 357 874 ne
392 827 620 874 residuum
655 823 849 876 facerent
883 825 938 872 ad
981 839 1110 871 mane
1127 845 1143 880 3
1177 822 1306 887 quod
1343 821 1492 869 dicere
1529 821 1665 869 etiam
1703 820 1756 868 lit
1792 822 2061 879 exhortatio,
2097 823 2301 871 videatur

302 910 364 941 n:
392 898 534 958 7098.
564 898 723 955 8178„
1430 930 1433 932 .

377 965 519 1024 8478.
556 958 764 1022 Qisque
790 974 844 1005 ne
867 956 1094 1004 residuum
1116 955 1248 1004 faciat
1278 955 1336 1003 de
1366 954 1444 1003 illo
1481 954 1621 1018 usque
1657 954 1713 1003 ad
1750 971 1895 1013 mane,
1931 956 2056 1019 quod
2081 956 2303 1027 significet

302 1027 430 1090 quod
454 1042 546 1074 non
571 1025 747 1073 solliciti
768 1037 900 1075 erunt
921 1025 978 1072 de
999 1022 1097 1088 ejus
1130 1022 1420 1087 acquisitione
1451 1038 1509 1069 ex
1546 1021 1604 1078 se,
1641 1021 1813 1069 constat
1834 1038 1891 1070 ex
1914 1038 1968 1069 eo
1991 1023 2117 1086 quod
2144 1040 2306 1072 manna

302 1093 467 1156 quovis
493 1108 620 1146 mane
643 1092 839 1149 daretur,
875 1092 923 1139 &
948 1091 1075 1154 quod
1099 1090 1276 1138 refiduo
1299 1088 1630 1136 innascerentur
1652 1104 1846 1146 vermes,
1883 1088 1962 1153 per
1992 1105 2098 1153 quae
2135 1090 2304 1154 fignifi-

304 1173 430 1208 catur
451 1159 576 1224 quod
601 1160 832 1206 Dominus
855 1158 1061 1220 quotidie
1089 1157 1325 1221 provideat
1355 1157 1643 1212 neceffitates,
1679 1157 1729 1203 δε
1751 1155 1879 1219 quod
1903 1156 1962 1203 fic
1983 1172 2040 1203 ex
2065 1156 2106 1204 se
2129 1159 2184 1204 de
2210 1158 2305 1204 illa-

306 1241 411 1273 rum
434 1225 725 1290 acquisitione
739 1222 840 1272 ⁴non
866 1224 1043 1272 solliciti
1065 1224 1150 1271 effe
1180 1223 1369 1272 debeant
1388 1240 1403 1269 τ
1435 1222 1522 1270 hoc
1546 1238 1731 1286 quoque
1756 1222 2026 1287 intelligitur
2050 1239 2128 1286 per
2144 1227 2305 1272 Panem

302 1292 609 1358 quotidianum,
645 1293 692 1339 in
716 1292 938 1341 Oratione
958 1292 1171 1347 Domini,
1207 1291 1254 1338 &
1293 1305 1479 1354 quoque
1514 1304 1595 1353 per
1635 1290 1824 1337 Domini
1860 1289 1998 1337 verba
2035 1292 2158 1354 apud
2183 1293 2308 1339 Mat-

305 1358 499 1416 thaeum‚
537 1364 571 1387 “
594 1359 670 1406 Ne
693 1358 868 1406 solliciti
894 1357 983 1404 fitis
1005 1359 1170 1406 animae
1193 1355 1356 1404 vestrae
1376 1356 1487 1420 quid
1523 1355 1637 1403 esuri
1678 1355 1768 1402 fitis
1806 1368 1885 1403 aut
1925 1356 2126 1415 bibituri,
2163 1375 2307 1422 neque

306 1427 488 1491 corpori
509 1423 790 1488 vestro,quid
813 1424 1060 1472 induituri:
1097 1423 1211 1487 quid
1247 1424 1306 1470 de
1345 1423 1625 1470 indumentis
1667 1420 1841 1470 solliciti
1880 1422 1996 1479 estis,
2034 1425 2309 1474 considerate

309 1492 400 1540 lilia
421 1492 516 1555 agri
539 1490 780 1556 quomodo
802 1490 1023 1547 crescunt,
1059 1506 1151 1538 non
1175 1489 1396 1546 laborant,
1420 1505 1564 1553 neque
1588 1499 1716 1538 nent:
1754 1506 1809 1536 ne
1832 1490 1980 1555 itaque
2002 1489 2179 1539 solliciti
2200 1492 2309 1548 sitis,

307 1571 361 1607 ut
383 1558 558 1615 dicatis,
593 1557 707 1623 quid
731 1557 918 1606 edemus
939 1557 990 1605 δε
1012 1556 1127 1621 quid
1151 1556 1377 1613 bibemus,
1411 1567 1490 1604 aut
1511 1570 1607 1620 quo
1631 1554 1891 1614 induemur,
1926 1572 2033 1607 nam
2058 1557 2135 1606 ista
2158 1563 2314 1607 omnia

306 1637 466 1689 gentes
488 1637 736 1689 quaerunt;
772 1640 922 1672 nonne
943 1624 1078 1672 Pater
1113 1623 1259 1672 vester
1296 1621 1490 1671 coelestis
1529 1622 1676 1678 novit,
1711 1623 1840 1686 quod
1871 1638 1988 1688 opus
2025 1624 2217 1688 habeatis
2242 1627 2310 1675 his

306 1691 553 1741 omnibus:
589 1693 787 1756 quaetite.
810 1691 1015 1755 primum
1039 1691 1262 1754 Regnum
1303 1689 1553 1746 coelorurn,
1587 1687 1771 1755 ejusque
1801 1688 2041 1754 justitiam,
2078 1704 2187 1740 tunc
2213 1693 2312 1741 haec

306 1759 464 1807 omnia
483 1756 750 1823 adjicientur
771 1758 930 1807 vobis:
966 1774 1023 1806 ne
1058 1757 1151 1806 fitis
1189 1758 1331 1822 igitur
1366 1756 1545 1805 solliciti
1584 1758 1632 1803 in
1670 1754 1930 1815 crastinum,
1966 1774 2071 1805 nam
2097 1759 2311 1808 crastinus

306 1824 407 1881 dies
445 1840 602 1879 curam
641 1824 822 1873 habebit
860 1824 1046 1876 illorum
1085 1839 1194 1889 quae
1233 1824 1355 1873 illius
1394 1822 1547 1881 sunt‚”
1580 1838 1667 1873 vr:
1697 1840 1758 1886 25
1784 1823 1838 1871 ad
1863 1825 1956 1873 fin:
1993 1826 2158 1889 pariter
2188 1827 2311 1891 apud

306 1891 490 1941 Lucam
511 1893 642 1956 Cap:
669 1907 780 1947 xu:
811 1909 828 1940 1
846 1908 885 1941 1.
918 1908 992 1941 12.
1017 1908 1077 1941 22
1101 1892 1157 1940 ad
1184 1908 1262 1955 3¹·
1332 1891 1459 1952 Quia
1491 1891 1540 1938 in
1562 1889 1651 1938 hoc
1674 1887 1818 1938 Versu
1843 1892 1891 1939 δι
1916 1892 1963 1939 in
1986 1891 2194 1956 sequente
2217 1897 2313 1958 agi-

307 1971 386 2008 tur
408 1960 454 2008 in
477 1958 601 2007 sensu
626 1960 805 2007 interno
827 1958 886 2006 de
908 1974 1016 2006 cura
1036 1973 1123 2023 pro
1144 1957 1354 2015 crastinn,
1389 1959 1440 2006 ὅτ
1462 1957 1590 2022 quod
1614 1956 1688 2004 illa
1710 1971 1816 2005 cura
1848 1974 1941 2006 non
1974 1958 2121 2007 solum
2154 1963 2311 2025 prohi-

308 2024 402 2074 bita
421 2025 493 2083 fit,
527 2025 604 2083 sed,
624 2026 762 2074 etiam
787 2024 998 2074 damnata
1018 2047 1033 2082 ;
1068 2025 1196 2090 quod
1235 2023 1480 2088 prohibita,
1514 2023 1794 2088 significatur
1815 2040 1897 2088 per
1918 2026 2044 2090 quod
2071 2026 2128 2074 de
2152 2043 2313 2075 manna

307 2108 404 2141 non
438 2091 684 2141 refiduum.
709 2090 906 2140 facerent
943 2091 1002 2139 ad
1043 2108 1209 2148 mane3
1244 2092 1295 2140 ὅτ.
1327 2091 1457 2155 quod
1492 2090 1719 2148 damnata,
1753 2089 2033 2155 significatur
2070 2109 2151 2157 per
2189 2095 2315 2158 quod

307 2158 489 2207 refiduo
520 2159 700 2207 innatus
730 2158 786 2207 fit
807 2159 992 2216 vermis,
1027 2159 1079 2207 &
1103 2159 1151 2206 id
1174 2158 1539 2222 computruerit:
1575 2158 1655 2221 qui
1681 2173 1775 2208 rem
1800 2173 1894 2206 non
1931 2159 2054 2206 ultra'
2080 2176 2223 2224 quam
2259 2177 2318 2209 ex

307 2224 432 2274 sensu
455 2225 598 2274 literae
627 2227 843 2283 intuetur,
863 2223 1059 2274 ’credere
1081 2224 1230 2290 potest
1250 2225 1379 2290 quod
1400 2225 1550 2272 omnis
1584 2239 1691 2271 cura
1727 2240 1813 2288 pro
1840 2224 2031 2274 crastino
2066 2225 2318 2291 abjicienda

306 2291 380 2350 fit,
413 2291 465 2340 &
486 2290 545 2339 fic
565 2291 695 2356 quod
719 2293 991 2350 necessitates
1013 2292 1222 2356 quotidie
1246 2307 1304 2340 ex
1324 2291 1450 2340 coelo
1471 2289 1767 2356 exspedtanda
1790 2313 1805 2347 ς
1837 2289 1911 2339 sed
1934 2294 2015 2356 qui
2049 2310 2144 2342 rem
2182 2295 2316 2343 altius

306 2373 446 2422 quam
469 2374 527 2406 ex
550 2358 675 2407 litera
697 2360 916 2416 intuetur,
951 2371 1004 2407 ut
1025 2360 1106 2423 qui
1128 2375 1187 2407 ex
1209 2357 1334 2406 sensu
1358 2358 1554 2415 interno,
1590 2357 1695 2405 scire
1716 2357 1866 2422 potest
1899 2360 2011 2423 quid
2047 2377 2128 2424 per
2158 2363 2315 2409 curam

308 2425 496 2482 crastina
517 2425 814 2489 intelligitur:
850 2441 944 2473 non
969 2425 1240 2490 intelligitur
1266 2441 1375 2473 cura
1395 2424 1691 2489 comparandi
1715 2425 1795 2472 fibi
1813 2426 1987 2472 vietum
2004 2427 2053 2474 &
2076 2429 2314 2485 amietum,

308 2493 358 2539 &
380 2507 565 2556 quoque
587 2490 822 2540 facultates
845 2507 931 2556 pro
954 2491 1174 2556 ternpore·
1186 2503 1399 2550 venturo,
1438 2508 1542 2539 nam
1580 2506 1672 2539 non
1712 2503 1869 2538 contra
1891 2492 2098 2540 ordinem
2124 2493 2187 2540 est
2211 2511 2316 2558 pro-

309 2556 475 2621 spicere
497 2557 650 2607 fibi&
674 2559 794 2613 suis;
829 2557 903 2606 sed
929 2557 994 2606 illi
1016 2574 1173 2606 curam
1208 2557 1385 2606 crastini
1408 2557 1592 2612 habent,
1627 2559 1708 2621 qui
1741 2573 1834 2604 non
1867 2556 1969 2606 sunt
2006 2561 2208 2607 contenti
2243 2561 2316 2609 sua

307 2624 438 2681 sorte,
474 2624 555 2687 qui
594 2639 688 2673 non
723 2625 876 2673 fidunt
898 2625 1077 2673 Divino
1109 2624 1183 2672 sed
1216 2624 1315 2682 fibi,
1349 2625 1523 2689 quique
1546 2623 1745 2687 spectant
1763 2622 1910 2672 solum
1933 2624 1997 2673 ad*
2015 2627 2244 2674 mundana
2266 2629 2317 2675 ὅτ

307 2689 540 2748 terrestria,
575 2690 626 2738 ὅτ
656 2707 750 2739 non
787 2691 845 2739 ad
881 2689 1115 2748 coelestia;
1151 2691 1275 2756 apud
1310 2691 1391 2739 hos
1429 2689 1735 2739 universaliter
1770 2703 1931 2758 regnat
1971 2692 2224 2741 sollicitudo
2260 2696 2318 2743 de

307 2755 491 2813 futuris,
527 2755 699 2820 cupido
729 2757 992 2822 rpoffidendi
1032 2758 1292 2815 omnim&
1330 2756 1601 2807 dominandi
1642 2756 1772 2822 super
1806 2773 1984 2815 omnes,
2019 2775 2127 2823 quae
2161 2776 2316 2809 accen-

305 2823 431 2871 ditur
451 2825 502 2871 &
523 2820 678 2870 crescit
699 2821 952 2872 secundum
987 2825 1285 2882 incrementa,
1321 2825 1372 2872 &
1395 2824 1584 2872 tandem
1618 2821 1969 2897 supm5mnem
2005 2827 2197 2874 modum
2223 2850 2238 2883 3
2273 2829 2319 2876 hi

306 2889 466 2947 dolent
486 2888 522 2937 fi
545 2889 712 2954 cupitis
734 2905 827 2937 non
852 2892 1108 2953 potiuntur,
1145 2893 1195 2939 δι·
1219 2903 1454 2955 anguntur
1485 2906 1593 2938 cum
1632 2887 1819 2947 illosum
1851 2888 2078 2955 jaeturam
2118 2892 2318 2951 faciunt;

306 2971 389 3004 nec
413 2955 677 3018 consolatio,
715 2971 824 3004 nam
864 2967 974 3004 tunc
1014 2955 1265 3005 irascuntur
1305 2969 1464 3005 contra
1489 2957 1735 3014 Divinum,
1772 2954 1980 3022 rejiciunt
2010 2960 2057 3006 id
2090 2975 2177 3012 una
2210 2974 2328 3010 cum'

223 3015 228 3025 “
304 3022 585 3081 omnifidei,
624 3021 758 3087 seque
782 3022 1046 3078 devovent;
1085 3022 1194 3071 tales
1234 3021 1338 3072 sunt
1379 3023 1504 3088 apud
1539 3038 1657 3087 quos
1689 3039 1799 3080 cura
1825 3024 2001 3072 crastini
2025 3025 2100 3072 est.
2172 3028 2324 3076 Aliter

303 3088 485 3153 prorsus
507 3088 633 3154 apud
661 3089 782 3147 illos,
817 3089 899 3154 qui
933 3088 1086 3148 fidunt
1110 3089 1320 3146 Divin03
1357 3089 1404 3137 hi
1427 3086 1791 3155 tame-tfilcurfa‘m‘
1816 3095 1902 3164 pjrq
1930 3090 2118 3141 crastino
2143 3093 2324 3154 habent,

305 3154 444 3219 usque
485 3168 639 3218 tamen
674 3172 768 3205 non
796 3155 984 3213 habent,
1020 3171 1127 3204 narn
1163 3156 1222 3204 de
1260 3155 1454 3204 crastino
1496 3170 1591 3214 non
1627 3158 1832 3220 cogitant
1859 3161 1974 3213 >‹bum
2010 3158 2325 3218 sollicitudine,
2360 3166 2368 3169 ’

296 3223 454 3272 minus
485 3238 596 3273 curn
619 3225 876 3282 anxietate;
910 3238 1049 3288 aequo
1069 3222 1224 3273 animo
1254 3221 1357 3339 surg
1390 3222 1483 3273 live
1524 3211 1975 3295 piitiantur',{ixpitiS‚
2014 3226 2104 3275 five
2128 3243 2236 3284 non,
2272 3230 2329 3277 ad

1576 3306 1580 3308 v
1622 3305 1628 3312 .
1688 3304 1696 3310 ν,
1784 3300 1829 3313 ms
2116 3291 2339 3356 jaeturam
