2722 3684
379 278 468 341 82
862 320 864 323 ⁴
945 255 1009 340 Ε
1100 269 1181 340 X
1263 269 1355 337 0-
1414 260 1847 338 Du..s..

372 400 656 466 *significatur
678 398 812 449 etiam
846 400 988 448 tutela
1018 400 1074 448 ab
1096 399 1212 464 Ipso.
1252 406 1265 410 ’·
1284 392 1430 463 Qi'od
1454 393 1533 464 per
1554 395 1777 466 vatillum
1800 396 1876 447 seu
1899 398 2081 466 signnm
2103 400 2386 468 significetur

374 471 652 526 „convocatio
674 469 730 516 ad
755 467 945 524 bellum,
980 467 1152 515 constat
1175 482 1231 513 ex
1253 482 1324 522 e0,
1361 466 1488 530 quod
1512 482 1620 514 cum
1643 468 1995 532 convocationes
2012 467 2185 529 fierent,
2219 472 2311 520 five
2329 474 2385 521 ad

385 534 703 600 profectiones,
740 535 829 581 five
852 535 909 581 ad
932 533 1056 590 festa,
1093 534 1182 579 sive
1206 533 1263 579 ad
1291 533 1480 589 bellum,
1515 530 1763 581 clanxerint
1795 533 2001 594 buccina,
2037 537 2087 584 δε
2111 536 2181 586 fac
2200 554 2387 604 quoque

388 602 638 651 sustulerint
660 602 839 665 lignum
864 600 936 647 seu
961 600 1178 647 vexillum
1205 599 1334 663 super
1357 600 1616 656 montibus·,
1651 600 1779 664 quod
1803 601 2050 652 clanxerint
2074 603 2279 663 buccina,
2316 608 2386 654 vi·-

384 670 550 716 deatur
576 670 729 715 Num:
757 684 810 715 x:
845 685 861 714 1
891 667 949 713 ad
980 684 997 714 1
1013 684 1030 715 1
1054 689 1067 722 ;
1104 666 1231 730 quod
1256 665 1509 716 sustulerint
1526 667 1705 730 lignum
1726 665 1798 732 seu
1814 668 2054 727 vexillum,
2078 685 2135 717 ex
2156 671 2224 721 his
2247 672 2386 729 locis;

387 736 509 800 apud
534 735 798 796 Jeremiam,
837 738 869 760 ‘⁶
895 735 1177 780 Annuntiate
1202 736 1251 780 in*
1271 733 1466 795 Je‘huda,
1500 735 1551 781 ὅτ
1573 735 1620 797 in
1643 734 1971 797 Hierosolyma·
1987 737 2135 784 audiri
2152 736 2303 796 facite,
2336 740 2389 796 ὃς

383 803 543 859 dicite,
581 801 636 849 {9³
658 800 838 862 clangite
871 800 1045 847 buccina
1069 803 1117 847 in
1137 811 1273 857 terra,
1309 800 1598 864 proclamate,
1634 798 1838 863 implete,
1874 801 2027 859 dicite,
2062 801 2387 867 congregamini,

389 871 437 915 δε
464 869 683 914 intremus
707 867 753 912 in
777 866 907 914 urbes
938 867 1228 924 munimenti,
1264 869 1414 930 erzgite
1436 867 1639 914 vexillum
1660 868 1835 915 Zi'onem
1856 869 2022 931 versus,
2058 872 2295 928 convenite,
2328 886 2386 919 ne

389 922 655 990 subsistite?
694 949 775 980 1v:
805 950 848 995 5.
878 935 920 980 6.
991 934 1137 997 Apud
1170 934 1367 991 Esaiam,
1413 934 1646 980 “Omnes
1677 933 1943 981 habitatores
1975 930 2114 992 orbis,
2150 937 2202 984 ac
2225 937 2389 984 incoiae
2466 963 2473 970 ι

380 1014 536 1057 terrae,
588 999 749 1065 quando
787 1000 958 1047 tolletur
992 1000 1209 1057 vexillum,
1246 1002 1435 1063 aspicite,
1486 1001 1536 1048 ὅτ
1569 1016 1662 1048 cum
1696 1000 1910 1064 clangitur
1944 1002 2136 1059 buccina,
2186 1002 2389 1060 audite,”

320 1106 324 1109 .
390 1083 524 1114 xvm
543 1065 560 1114 ε’
583 1085 625 1130 3.
679 1066 826 1129 Apud
850 1066 1085 1124 Eundem,
1124 1072 1157 1094 “
1183 1067 1355 1127 Sustulit
1372 1066 1577 1115 Vexillum
1594 1067 1790 1129 gentibus
1813 1084 1834 1115 e
1855 1067 2090 1133 longinquo,
2126 1070 2176 1116 δε
2200 1069 2392 1118 sibilavit

383 1135 455 1181 villi
479 1133 535 1180 ab
558 1134 836 1180 extremitate
861 1145 1027 1188 terrae·‚
1063 1135 1113 1181 δε
1135 1150 1238 1182 ecce
1257 1135 1353 1181 cito
1376 1133 1510 1181 velox
1541 1133 1799 1190 adveniet,”
1836 1150 1901 1182 v:
1930 1136 2005 1183 26.
2078 1135 2227 1199 Apud
2259 1135 2391 1184 Eun·

391 1200 518 1257 dem,
558 1204 591 1227 ‘⁶
617 1201 749 1262 Super
770 1210 906 1246 monte
928 1202 1128 1262 eminente
1150 1201 1285 1248 tollite
1304 1200 1523 1257 vexillum,
1558 1199 1758 1248 extollite
1781 1216 1950 1249 vocem
1973 1201 2075 1259 illis,
2110 1204 2273 1266 agitate
2294 1218 2406 1251 ma—-

383 1283 522 1324 -num,
569 1279 622 1314 ut
657 1267 838 1313 veniant
870 1278 1016 1330 portae
1049 1268 1360 1329 principum‚'’
1396 1281 1530 1328 xm:
1559 1282 1602 1315 2.
1674 1267 1821 1331 Apud
1844 1267 2078 1324 Eundem,
2115 1273 2151 1296 ‘⁶
2174 1269 2249 1316 Sic
2272 1269 2393 1320 dixit

388 1335 621 1382 Dominus
645 1333 858 1394 Jehovih,
895 1348 998 1379 ecce
1037 1332 1196 1379 tollam
1236 1347 1344 1395 erga
1382 1341 1538 1396 gentes
1577 1344 1767 1379 manum
1804 1348 1973 1390 meam,
2006 1335 2065 1383 ὅ
2087 1350 2189 1398 erga
2213 1336 2391 1398 populos

381 1400 585 1448 attollam
607 1399 806 1447 vexillum
830 1415 977 1454 meum,
1012 1410 1064 1445 ut
1085 1397 1286 1446 adferant
1309 1398 1429 1446 filios·
1449 1411 1552 1446 tuos
1583 1399 1628 1444 in
1652 1398 1767 1456 sinu,
1803 1400 1853 1447 ὅτ
1878 1399 1988 1447 filias
2014 1411 2110 1447 tuas
2141 1400 2272 1465 super
2306 1401 2391 1449 hu·

392 1483 521 1514 mero
550 1466 839 1530 apportent,'’
877 1480 1026 1512 xmx:
1056 1483 1113 1514 22
1143 1487 1156 1520 3
1205 1481 1261 1512 ex
1297 1465 1364 1512 his
1404 1477 1525 1529 patet
1562 1466 1691 1528 quod
1732 1481 1815 1528 per
1854 1467 2075 1515 vexillum
2117 1467 2395 1531 significetur

380 1534 701 1597 congregatio.
771 1532 919 1591 Quod
941 1532 1176 1579 Vexillum
1202 1531 1274 1582 seu
1298 1532 1498 1596 signum,
1533 1547 1641 1579 cum
1666 1532 1938 1596 praedicatur
1960 1533 2019 1580 de
2042 1532 2265 1591 Domino,
2301 1534 2392 1600 fig-

392 1599 546 1647 nificet
583 1599 718 1646 etiam
756 1598 960 1655 tutelam,
998 1598 1168 1646 consta-t
1192 1598 1313 1662 apud
1337 1598 1531 1656 Esaiam,
1569 1603 1604 1626 “
1628 1597 1884 1647 Timebunt
1922 1599 1980 1647 ab
2018 1599 2179 1648 occasu
2201 1602 2392 1651 Nomen

391 1665 600 1729 Jehovae,
636 1665 685 1713 &
710 1664 766 1712 ab
798 1677 902 1718 ortu
934 1664 1034 1712 solis
1066 1665 1259 1729 gloriam
1284 1665 1443 1728 Ipfius,
1479 1667 1586 1730 quia
1607 1666 1758 1713 veniet
1791 1666 1904 1714 sicut
1935 1663 2106 1714 flumen
2128 1666 2391 1731 angustum,

392 1736 431 1761 ‘⁶
465 1731 845 1796 Spiritus'Jehovae
867 1731 1069 1781 vexillum
1093 1734 1225 1794 eriget
1247 1735 1293 1780 in
1315 1732 1417 1788 t'll03
1452 1743 1563 1780 tunc
1586 1734 1740 1780 veniet
1754 1732 1893 1780 Zioni
1910 1732 2247 1798 Redemptor,”
2275 1749 2388 1784 1.1x:

397 1817 471 1865 19.
543 1798 690 1862 Apud
714 1797 948 1856 Eundem,
985 1803 1019 1826 “
1045 1798 1146 1846 Fiet
1169 1800 1215 1846 in
1239 1799 1312 1846 die
1336 1798 1432 1855 illo,
1468 1799 1664 1846 radicem
1688 1797 1887 1860 Jischaii,
1922 1801 1994 1864 qui
2014 1799 2139 1860 stans
2173 1802 2221 1848 in
2251 1802 2394 1854 ‘vexit‘-x

388 1867 478 1915 lum
510 1864 770 1927 populorum,
805 1876 962 1929 gentes
1000 1878 1238 1928 quaerent3
1274 1866 1324 1912 ὅτ
1357 1868 1441 1913 erit
1475 1866 1570 1913 dies
1595 1857 1737 1929 Iplius
1775 1866 1971 1930 gloria,'’
2006 1882 2089 1915 xi:
2121 1868 2201 1917 105
2266 1868 2392 1931 Qia

392 1932 592 1995 signum,
626 1931 751 1994 quod
775 1931 821 1978 in
837 1931 1024 1995 Lingua
1046 1932 1252 1996 originali
1276 1932 1544 1996 exprimitur
1566 1933 1722 1979 eadem
1747 1944 1878 1989 voce,
1912 1948 2003 1996 qua
2024 1933 2264 1991 vexillum,
2276 1940 2281 1954 “’
2300 1934 2393 1998 fig-

383 1998 599 2047 mificabat
620 1999 1040 2061 congregationem,
1075 1999 1126 2047 δε
1149 2015 1258 2046 cum
1283 1999 1514 2046 dicebatur
1537 1998 1594 2046 de
1616 1999 1827 2047 Domino
1863 1999 2000 2046 etiam
2041 2001 2248 2061 tutelam,
2285 1999 2392 2049 ideo

390 2065 586 2129 expresse
625 2064 889 2118 mandatum
929 2063 1008 2122 est,
1043 2078 1094 2112 ut
1118 2064 1290 2129 serpens
1313 2081 1466 2112 aeneus
1490 2077 1731 2129 poneretur
1764 2063 1893 2129 super
1924 2065 2089 2130 figno3
2125 2066 2183 2114 de
2205 2080 2302 2130 quo
2324 2067 2389 2115 ita

383 2131 512 2195 apud
540 2130 778 2188 Moschen‚
819 2135 852 2158 “
875 2132 1008 2178 Dixit
1022 2131 1228 2193 Jehovah
1250 2131 1306 2179 ad
1322 2131 1561 2187 Mosthen,
1596 2129 1668 2178 fac
1689 2130 1773 2179 tibi
1795 2131 2065 2195 serpentem,
2100 2133 2150 2180 δε
2167 2145 2276 2194 pone
2297 2149 2389 2182 eum

381 2197 690 2263 superstgnum
714 2220 728 2252 3
763 2198 814 2245 ὅτ
836 2196 932 2254 fiet,
967 2199 1125 2246 omnis
1141 2199 1220 2263 qui
1251 2197 1423 2246 morsus
1446 2197 1598 2254 suerit,
1635 2199 1683 2246 δε
1704 2197 1919 2262 aspexerit
1946 2198 2097 2255 illum,
2132 2200 2288 2248 vivet:
2324 2199 2391 2247 Et

384 2263 501 2312 *fecit
519 2262 746 2311 ‘Moscheh
769 2262 1016 2328 serpentem
1041 2267 1158 2322 aeris,
1195 2267 1244 2313 ὅτ
1261 2266 1406 2328 posuit
1427 2281 1518 2313 eum
1531 2265 1663 2327 super
1665 2264 1864 2327 stgnum3
1899 2264 2020 2312 unde
2042 2262 2216 2312 saelum
2239 2264 2319 2323 est,
2355 2263 2390 2313 si

391 2330 647 2379 momordit
669 2329 845 2394 serpens
865 2332 1035 2388 virum,
1072 2332 1121 2378 δι
1145 2331 1314 2394 aspexit
1341 2330 1584 2395 serpentem
1608 2331 1726 2388 aeris,
1760 2328 1973 2388 revixit‚’'
2006 2331 2172 2380 Num:
2193 2346 2317 2380 xxx:
2345 2336 2388 2383 8.

386 2415 451 2463 93
477 2396 603 2460 quod
621 2396 793 2460 serpens
809 2412 962 2453 aeneus>
977 2396 1356 2461 repraesentaverit
1368 2399 1646 2453 Dominum,
1664 2397 1871 2446 videatur
1884 2396 2170 2460 Johant-111:
2199 2415 2272 2458 14.
2299 2415 2356 2462 15
2371 2419 2389 2456 ς

386 2463 521 2527 ,quod
541 2463 679 2511 etiam
703 2463 910 2521 tutelam,
944 2476 1100 2527 patet;
1135 2480 1242 2512 nam
1265 2463 1432 2512 sanatio
1462 2479 1544 2529 per
1575 2463 1894 2528 inspefitionem
1918 2463 2131 2528 serpentis
2152 2464 2234 2528 qui
2258 2464 2392 2530 super

392 2530 540 2592 figno,
563 2529 838 2592 significabat
861 2530 1130 2578 sanationem
1151 2547 1176 2578 a
1194 2530 1321 2579 malis
1344 2529 1438 2578 falfi
1461 2545 1544 2594 per
1565 2530 1882 2594 inspefflonem
1908 2530 2016 2578 fid'ei
2040 2532 2085 2578 in
2095 2531 2388 2588 Dominum3

385 2595 506 2643 dicit
527 2597 648 2642 enim
667 2596 897 2644 Dominus
920 2598 966 2645 in
989 2597 1093 2645 loco
1117 2599 1252 2645 citato
1272 2598 1394 2661 apud
1418 2597 1692 2660 Johannem,
1729 2601 1764 2624 ‘⁶
1788 2597 1915 2645 Sicut
1934 2596 2154 2645 Molcheh
2175 2598 2391 2646 exaltavit

392 2661 640 2726 serpentem
658 2663 703 2708 in
722 2661 909 2719 deserto,
945 2665 1005 2710 ita
1027 2675 1207 2727 oportet
1229 2664 1408 2711 exaltari
1431 2664 1600 2712 Filium
1625 2662 1822 2712 hominis
1841 2685 1858 2722 5
1892 2675 1946 2712 ut
1966 2665 2118 2712 omnis
2141 2665 2221 2727 qui
2246 2664 2390 2717 credit

331 2766 334 2769 ,
386 2732 438 2778 in
462 2727 635 2792 Ipsum,
671 2744 763 2775 non
786 2740 952 2792 pereat,
987 2727 1062 2776 sed
1085 2729 1226 2777 vitam
1251 2741 1469 2778 aeternam
1494 2729 1698 2777 habeat.''

464 2796 606 2857 8625.
642 2793 706 2842 Et
729 2794 862 2852 dixit,
896 2797 1002 2859 quia
1027 2811 1185 2843 manus
1208 2807 1364 2844 contra·
1383 2795 1600 2844 thronum
1624 2795 1731 2859 Jah,
1756 2796 1892 2860 -quod
1913 2796 2136 2861 significet
2151 2797 2265 2860 quia
2286 2797 2388 2846 vio·

388 2861 578 2910 lentiam
607 2858 766 2912 inferre
791 2861 955 2909 volunt
976 2863 1144 2926 Regno
1172 2862 1386 2927 spirituali
1408 2864 1620 2920 Domini,
1654 2863 1827 2912 constat
1857 2879 1915 2911 ex
1946 2863 2268 2926 significatione
2293 2879 2387 2912 ma·

390 2944 492 2975 nus*
510 2939 665 2975 contra
700 2928 913 2991 aliquem,
949 2930 1077 2994 quod
1117 2929 1170 2976 fit
1203 2930 1463 2977 violentiam
1498 2927 1694 2986 inferre3
1730 2931 1778 2978 δε
1802 2946 1859 2977 ex
1881 2929 2204 2993 significatione
2235 2928 2401 2984 throniv

394 2994 499 3055 Jah,
535 2993 662 3058 quod
698 2994 752 3041 fit
784 2996 1004 3058 Regnum
1045 2994 1269 3060 spirituale
1298 2996 1506 3045 Domini.
1578 2996 1734 3054 Quodx
1753 2996 1943 3057 thronus
1965 2994 2053 3057 Jah
2084 2995 2141 3043 fit
2162 2997 2385 3059 Regnum

392 3059 617 3123 spirituale
641 3060 851 3125 Domini,
887 3061 950 3109 est
981 3063 1087 3126 quia
1118 3063 1306 3110 thronus
1338 3064 1614 3127 praedicatur
1652 3063 1710 3110 de
1742 3063 1894 3125 Regio
1915 3061 2127 3119 Domini,
2160 3063 2212 3112 δε
2234 3064 2388 3127 Regio

392 3125 586 3175 Domini
609 3126 926 3191 correspondet
949 3131 1165 3193 Regnum
1188 3129 1412 3194 spirituale
1427 3129 1596 3194 Ipsius:
1632 3127 1734 3177 sunt
1754 3128 1851 3176 duo
1872 3143 1980 3192 quae
2001 3127 2308 3192 praedicantur
2330 3130 2389 3177 de

391 3192 617 3249 Domino,
670 3210 834 3257 nempe
871 3190 1182 3244 Sacerdotium
1225 3198 1275 3245 &
1315 3196 1539 3260 Regium,
1587 3194 1850 3243 Sacerdotio
1887 3193 2030 3258 Ipsius
2073 3194 2393 3260 correspondet

391 3257 615 3327 Regnum
647 3260 845 3319 coeleste,
881 3263 930 3313 &
952 3263 1106 3329 Regio
1137 3277 1334 3329 regnum
1370 3260 1611 3329 spirituale,
1645 3276 1752 3313 nam
1772 3261 2009 3313 Dominus
2028 3274 2218 3313 vocatur
2239 3263 2394 3377 Sacgr-

390 3340 397 3344 '
1219 3352 1221 3354 ’
2347 3343 2399 3379 08
