2722 3684
646 171 946 235 CAPUT
995 169 1497 240 VIGESIMUM
1560 137 2030 254 QJARTUM.
2231 187 2312 246 51
2332 191 2358 231 1

402 304 405 305 ’
466 303 611 354 9427.
651 289 716 335 Et
737 287 917 336 obtexit
938 286 1080 336 nubes
1103 297 1333 341 montem,
1380 283 1506 347 quod
1543 284 1766 345 fignificet
1794 294 1978 330 externa
1999 279 2157 338 Verbi,
2202 281 2373 330 constat

395 369 455 402 ex
480 356 805 418 significatione
829 354 978 411 nubis,
1014 353 1141 417 quod
1165 352 1219 398 fit
1242 362 1479 400 externum
1496 349 1654 406 Verbi,
1693 347 1768 394 seu
1793 347 1937 394 sensus
1959 346 2056 411 ejus
2077 347 2276 405 literalis,
2309 348 2370 394 de

393 435 485 483 qua
523 420 713 467 Praefat:
756 418 812 465 ad
831 419 958 484 Cap:
995 434 1126 466 xv111
1168 416 1345 464 Genes:
1382 417 1431 463 &
1455 432 1516 462 n:
1542 416 1688 474 4060.
1727 428 1877 476 4391.
1920 429 2066 476 5922.
2105 413 2231 476 6343
2271 415 2365 462 fin:

395 487 542 546 6752.
571 486 712 534 8106.
749 487 896 546 8443.
935 487 1024 548 8'78
1041 502 1079 531 1.
1121 485 1263 541 8814.
1301 484 1460 544 8819·,
1494 483 1545 528 δε
1567 496 1624 528 ex
1651 477 1975 541 fignificatione
2008 476 2142 539 hujus
2178 479 2365 534 montis,

393 564 533 612 quem
570 551 711 597 nubes
742 550 929 605 obtexit,
966 548 1094 612 quod
1130 549 1182 595 fit
1218 546 1446 594 Divinum
1481 547 1657 593 Verum
1693 545 1945 607 procedens
1979 559 2004 589 a
2031 544 2257 602 Domino,
2306 544 2367 592 ita

394 616 605 663 Verbum
620 612 643 671 '3
680 616 730 662 &
753 617 860 678 quia
886 617 1110 662 Divinum
1136 615 1306 660 Verum
1332 611 1578 674 procedens
1600 629 1626 659 a
1646 609 1858 658 Domino
1879 609 1984 657 facit
2005 608 2193 667 coelum,
2228 612 2366 659 etiarn

387 694 476 743 per
498 694 701 729 montem
725 681 859 728 illum
885 680 1159 742 significatur
1184 678 1373 733 coelum,
1396 692 1425 723 n
1446 694 1458 723 :
1483 678 1615 741 9420
1640 697 1655 731 3
1690 675 1796 722 inde
1818 674 1899 731 est,
1932 673 2061 737 quod
2085 689 2164 736 per
2186 676 2367 723 obtexit

393 746 536 793 nubes
560 759 780 798 montem,
819 745 1092 807 fignificetur
1115 743 1259 792 sensus
1280 755 1485 790 externus
1504 743 1645 790 Verbi
1668 741 2090 803 tegensinternum,
2107 740 2163 792 a&
2181 757 2365 806 quoque

392 812 582 860 coelum.
608 819 613 829 “

461 892 554 939 942
564 881 605 925 8'.
627 875 769 925 Vers:
801 875 874 925 16.
907 890 981 937 17.
1013 894 1031 924 1
1044 879 1087 924 8.
1126 876 1190 921 Et
1211 873 1549 922 commorabatur
1560 872 1706 936 gloria
1722 873 1902 935 Jebovae
1913 874 2045 936 staeper
2066 882 2203 923 monte
2224 874 2363 929 Sinai,

393 942 451 991 ὅ*
468 943 623 990 obtexit
642 958 731 990 eum
750 942 877 989 nubes
890 941 966 1002 fix
986 940 1102 994 dies3
1126 940 1181 988 &
1204 942 1383 987 vocavit
1406 938 1465 985 ad
1485 938 1689 1001 Moscben
1707 942 1753 986 in
1767 939 1835 987 die
1843 941 2022 1001 septimo
2042 956 2064 987 e
2082 939 2212 988 medio
2228 939 2363 987 nubis.

395 1009 459 1055 Et
480 1009 664 1073 aspefilus
685 1008 837 1070 gloriae
858 1006 1040 1066 Jehovae
1067 1006 1174 1060 ficut
1201 1006 1311 1067 ignis
1348 1003 1553 1051 comedens
1591 1006 1637 1051 in
1671 1007 1807 1067 capite
1842 1007 1992 1052 montis
2022 1007 2147 1054 oculis
2169 1004 2364 1063 filiorum

395 1074 578 1134 Israelis.
648 1074 711 1120 Et
727 1074 915 1120 intravit
938 1070 1139 1133 Moscheh
1160 1073 1205 1117 in
1227 1069 1402 1117 medium
1423 1070 1559 1125 nubis,
1594 1068 1650 1118 &3
1674 1070 1851 1132 ascendit
1873 1070 1935 1118 ad
1952 1081 2160 1125 montem3
2195 1069 2251 1119 &¹
2264 1071 2365 1133 fuit

392 1139 594 1201 Mofiheh
614 1141 660 1186 in
683 1147 818 1186 monte
852 1135 1141 1201 quadraginta
1172 1135 1257 1183 dies
1280 1136 1336 1184 {9²
1358 1134 1639 1198 quadraginta
1672 1140 1822 1184 nobJes.
1892 1136 1958 1183 Et
1994 1136 2365 1185 commorabatur

392 1204 545 1252 Gloria
570 1205 763 1266 jehovae
788 1203 915 1266 super
939 1215 1098 1250 monte
1121 1201 1263 1258 Sinai,
1300 1200 1517 1263 fignificat
1536 1200 1748 1248 interiora
1765 1201 1904 1248 Verbi
1924 1203 2122 1249 Domini
2147 1203 2190 1249 in
2207 1202 2332 1252 coelo
2348 1220 2362 1248 ε

392 1271 442 1316 ὅτ
460 1271 640 1318 obtexit
657 1285 760 1316 eum
782 1270 933 1324 nubes»,
959 1268 1180 1330 fignificat
1201 1266 1417 1313 ultimum
1436 1266 1594 1322 Verbi,
1616 1267 1743 1330 quod
1762 1267 1995 1314 obscurum
2014 1269 2074 1314 ita
2092 1267 2362 1330 respective:

393 1334 467 1381 stx
490 1335 604 1390 dies,
656 1333 875 1398 fignificat
897 1333 1082 1397 quando
1106 1334 1151 1379 in
1176 1331 1292 1379 statu
1315 1331 1410 1378 veri
1430 1348 1440 1376 :
1488 1332 1537 1379 ὅτ
1562 1333 1748 1379 vocavit
1769 1332 1825 1379 ad
1847 1331 2070 1380 Moschen
2096 1334 2140 1380 in
2165 1334 2240 1381 die
2264 1332 2364 1397 sep·

391 1400 526 1457 timo,
561 1396 784 1463 fignificat
805 1400 1054 1446 adventum
1080 1397 1273 1446 Domini
1297 1413 1404 1444 cum
1428 1396 1599 1444 Verum
1635 1396 1929 1460 conjunffiturn
1967 1398 2088 1446 bono
2110 1417 2122 1446 :
2156 1414 2182 1445 e
2206 1399 2364 1447 medio

390 1466 542 1522 nubis,
579 1466 800 1528 fignificat
821 1478 877 1512 ex
899 1464 1088 1511 obscuro
1104 1461 1230 1527 quod
1250 1462 1403 1525 prius:
1438 1462 1489 1510 &
1511 1462 1712 1525 aspestus
1742 1463 1904 1526 gloriae
1930 1462 2124 1526 jehovae
2156 1465 2265 1515 ficut
2287 1467 2362 1528 ig-

391 1532 462 1578 nis
478 1533 721 1579 comedens
745 1531 790 1577 in
812 1530 961 1593 capite
984 1530 1154 1577 montis
1174 1528 1317 1576 oculis
1340 1527 1539 1576 filiorum
1563 1527 1748 1584 Israelis,
1783 1527 2002 1592 fignificat
2024 1529 2251 1578 Divinum
2270 1531 2369 1589 Ve-V

391 1613 494 1644 rum
520 1597 563 1644 in
587 1597 682 1660 ipso
705 1595 825 1644 coelo
848 1595 1082 1658 splendens
1102 1609 1160 1641 ex
1183 1594 1307 1640 bono
1322 1594 1505 1649 amoris,
1543 1592 1615 1640 sed
1634 1593 1754 1656 apud
1779 1592 1880 1641 illos
1895 1594 1975 1657 qui
1996 1594 2040 1641 in
2057 1606 2246 1643 externo
2267 1595 2362 1659 ejus

392 1663 591 1726 separato
613 1663 670 1709 ab
694 1661 869 1708 interno
901 1660 1026 1722 quod
1050 1659 1219 1707 laedens
1241 1659 1290 1707 &
1313 1657 1519 1706 vastans:
1554 1660 1603 1706 ὅτ.
1629 1658 1808 1707 intravit
1830 1657 2053 1707 Moscheh
2079 1660 2123 1707 in
2148 1662 2359 1711 medium

389 1729 541 1783 nubis,
581 1727 801 1790 fignificat
822 1726 1031 1773 Verbum
1055 1725 1100 1772 in
1121 1725 1243 1773 sensu
1260 1737 1474 1771 externo:
1509 1725 1559 1772 δι
1581 1724 1779 1772 ascendit
1794 1723 1853 1772 ad
1880 1736 2101 1782 montem,
2136 1727 2361 1790 fignificat

388 1793 690 1842 elevationem
723 1793 779 1839 acl
812 1790 987 1839 coelum
1007 1808 1018 1838 ε
1070 1791 1120 1838 &
1165 1788 1252 1838 fuit
1298 1789 1519 1838 Moscheh
1567 1791 1614 1836 in
1661 1802 1819 1838 monte
1852 1791 2149 1854 quadraginta
2180 1793 2276 1842 dies
2307 1793 2359 1841 δε

386 1860 685 1923 quadraginta
720 1859 872 1908 noetes
890 1891 905 1914 ,
960 1857 1182 1920 fignificat
1227 1855 1481 1920 plenarium
1527 1854 1655 1920 quod
1700 1855 1758 1904 ad
1797 1857 2174 1906 informationem
2206 1860 2259 1908 δε
2292 1859 2360 1907 in-

388 1923 586 1974 fluxum.

455 2009 548 2056 942
558 2009 602 2056 9.
641 1992 704 2041 Et
727 1990 1091 2041 commorabatur
1112 1989 1257 2056 gloria
1274 1987 1469 2052 Jehovae
1492 1991 1623 2058 super
1645 2004 1804 2042 monte
1826 1991 1965 2049 Sinai,
1990 1992 2114 2057 quod
2138 1991 2359 2055 significet

392 2058 604 2106 interiora
636 2059 778 2107 Verbi
817 2059 1016 2107 Domini
1049 2059 1094 2106 in
1127 2056 1267 2114 coelo,
1301 2057 1469 2106 constat
1502 2074 1560 2107 ex
1592 2058 1915 2121 significatione
1953 2058 2117 2120 gloriae
2141 2058 2359 2122 Jehovae,

388 2124 581 2171 cumde
599 2125 773 2181 Verbo,
808 2125 932 2189 quod
958 2122 1010 2172 fit
1032 2123 1178 2172 sensus
1198 2122 1291 2186 ejus
1315 2123 1532 2181 internuS,
1556 2125 1617 2172 ita
1639 2124 1846 2173 interiora
1863 2124 2025 2181 Verbi,
2047 2124 2105 2171 de
2123 2140 2214 2188 qua
2237 2125 2359 2173 Prae-

391 2189 484 2238 fat:
507 2189 561 2236 ad
588 2190 714 2252 Cap:
739 2206 904 2239 xvnr:
928 2189 1106 2237 Genes:
1143 2191 1192 2238 &
1218 2205 1278 2237 n:
1303 2205 1430 2252 5922
1453 2211 1468 2244 ς
1502 2191 1553 2239 δι
1586 2205 1642 2237 ex
1663 2189 1991 2253 fignificatione
2014 2191 2178 2238 montis
2213 2190 2358 2248 Sinai,

389 2255 518 2319 quod
544 2256 597 2303 fit
622 2257 852 2304 Divinum
876 2255 1046 2303 Verum
1069 2255 1315 2319 procedens
1337 2272 1362 2302 a
1385 2256 1613 2313 Domino,
1647 2256 1699 2303 &
1722 2256 1827 2303 inde
1851 2255 2059 2313 Coelum,
2092 2254 2152 2302 de
2172 2271 2263 2319 qua
2283 2254 2358 2303 su·

425 2336 471 2368 ra
487 2337 516 2368 n
533 2337 545 2369 ε
570 2337 716 2384 9420.
735 2335 883 2387 9427.
953 2322 1096 2385 Qod
1116 2321 1321 2369 interiora
1335 2322 1478 2368 Verbi
1495 2322 1703 2369 dicantur
1721 2321 1894 2377 Gloria,
1917 2321 1982 2369 est
2002 2320 2109 2384 quia
2125 2320 2356 2369 Divinum

437 2401 566 2450 erum
590 2390 836 2450 procedens
857 2401 884 2434 a
904 2387 1113 2434 Domino
1135 2401 1186 2434 ut
1203 2387 1305 2434 Sole
1327 2385 1389 2433 est
1411 2387 1518 2435 Lux
1541 2387 1585 2434 in
1606 2385 1761 2444 Coelo,
1794 2402 1900 2450 quae
1923 2387 2000 2434 dat
2022 2385 2168 2433 visum
2192 2387 2357 2449 Ange.-

387 2451 445 2500 lis
467 2453 547 2508 ibi,
580 2453 631 2501 ὅτ
655 2453 781 2501 fimul
804 2451 1514 2516 intelligentiam&sapientiam,
1548 2468 1607 2500 n:
1638 2469 1780 2514 1531.
1810 2452 1935 2514 1619
1957 2451 2013 2499 ad
2043 2452 2181 2515 1632.
2209 2451 2356 2517 2776.

389 2521 549 2580 3138·
567 2534 593 2580 3
610 2518 712 2582 Ι67·
748 2533 892 2582 3¹90·
929 2534 1077 2581 3¹95·
1114 2533 1259 2581 3339·
1298 2534 1443 2581 334¹·
1478 2518 1621 2581 3636·
1662 2518 1806 2580 3643-
1843 2518 1986 2581 3862·
2022 2533 2186 2594 3993·⁴
2205 2533 2355 2594 4392·

389 2599 539 2644 4415.
562 2598 707 2644 4527.
734 2598 878 2644 5400.
902 2583 1045 2646 6313.
1084 2584 1227 2632 6608.
1255 2585 1400 2647 6907.
1427 2585 1572 2643 8644.
1606 2585 1750 2645 8707.
1774 2583 1936 2637 8861;
1986 2598 2043 2630 ex
2076 2583 2248 2632 Divina
2280 2583 2354 2631 illa

335 2667 339 2670 ⁴
390 2649 523 2696 Luce
545 2648 608 2694 est
631 2650 780 2696 omnis
814 2648 972 2696 Gloria
995 2652 1042 2695 in
1065 2649 1218 2704 Coelo,
1251 2665 1360 2712 quae
1384 2649 1482 2696 talis
1515 2649 1597 2704 est,
1634 2659 1686 2696 ut
1722 2649 1909 2696 excedat
1943 2663 2133 2696 ornnem
2166 2661 2352 2713 captum

389 2714 644 2761 humanum
664 2735 680 2768 ς
715 2714 821 2761 inde
845 2725 990 2777 patet,
1024 2714 1145 2761 unde
1167 2714 1248 2771 est,
1283 2714 1410 2778 quod
1433 2713 1575 2762 Verbi
1611 2713 1753 2762 sensus
1775 2714 1972 2762 internus
2005 2714 2058 2763 fit
2078 2714 2252 2777 gloria;
2287 2713 2354 2762 est

357 2782 363 2790 '
388 2779 515 2825 enim
540 2778 683 2825 sensus
703 2779 842 2826 Verbi
868 2781 1068 2827 internus
1085 2779 1311 2827 Divinum
1329 2781 1502 2827 Verum
1526 2780 1772 2842 procedens
1786 2795 1811 2826 a
1834 2780 2044 2827 Domino
2066 2781 2112 2827 in
2130 2782 2267 2836 coelo,
2290 2780 2355 2828 ita

391 2845 499 2892 Lux
518 2859 546 2891 e
565 2859 653 2907 qua
676 2844 827 2891 omnis
848 2845 991 2906 gloria
1010 2845 1088 2891 ibi.
1160 2845 1271 2892 Hoc
1305 2845 1575 2908 intelligitur
1608 2861 1686 2907 per
1718 2845 1925 2893 Gloriam
1949 2849 1995 2893 in
2021 2846 2221 2907 pluribus
2243 2846 2356 2893 locis

392 2909 440 2957 in
458 2910 614 2957 Verbo
633 2929 649 2962 ·‚
687 2922 738 2957 ut
759 2911 887 2974 quod
909 2910 1048 2959 visuri
1064 2909 1235 2957 Filium
1251 2911 1445 2958 hominis
1462 2914 1508 2958 in
1526 2910 1633 2958 nube
1650 2926 1742 2957 cum
1750 2913 1895 2974 gloria
1912 2909 1944 2930 ’³
1980 2910 2138 2958 Matth
2158 2927 2168 2956 :
2193 2925 2352 2958 xxrv:

395 2992 474 3039 30.
545 2975 673 3022 Luc:
699 2991 822 3023 xxx:
851 2990 929 3038 27,
962 2975 1091 3039 quod
1127 2976 1375 3033 Dominus,
1408 2991 1515 3024 cum
1555 2977 1699 3040 passus
1737 2976 1884 3032 fuerit,
1918 2981 2159 3024 intraturus
2196 2976 2289 3042 efflt
2309 2979 2356 3024 in

384 3041 572 3106 gloriam
581 3043 710 3101 suam
726 3043 758 3064 ’⁹
792 3041 924 3089 Luc:
949 3056 1105 3088 xxxv:
1135 3041 1197 3088 26
1214 3058 1226 3089 :
1259 3043 1387 3104 quod
1411 3057 1516 3094 cum
1540 3052 1748 3090 venturus
1769 3044 1815 3089 in
1854 3042 2006 3090 Gloria
2035 3043 2138 3106 sua,
2172 3041 2356 3090 seffurus

395 3107 449 3154 fir
456 3109 586 3171 super
606 3107 755 3156 throno
764 3107 1016 3172 gloriaesuae
1029 3105 1062 3126 ’³
1098 3106 1288 3156 Matth:
1310 3123 1434 3155 xxv:
1461 3124 1542 3171 31,
1578 3107 1726 3156 sedere
1748 3107 1879 3172 super
1900 3108 2065 3157 throno
2086 3106 2270 3218 glo-‘³²3‘
2290 3105 2356 3155 est

1330 3174 1379 3221 T
1414 3185 1432 3221 t
1466 3185 1486 3221 t
2151 3188 2206 3235 Ju
2242 3172 2356 3220 icare
