2722 3684
665 201 1151 270 CAPUT
1248 203 2125 271 VIGESIMUM.
2277 215 2418 298 209.

395 334 456 383 lia
480 348 565 398 pro
589 327 677 383 illis
717 348 824 398 quae
847 346 906 379 ex
930 322 1146 394 proprio,
1175 345 1231 377 n:
1260 331 1406 396 8869,
1454 346 1565 379 auro
1588 331 1817 379 obducere
1839 346 1926 396 pro
1946 331 2087 382 facere
2110 346 2160 381 ut
2184 334 2229 382 in
2253 350 2408 388 extera

399 400 828 464 formaxappareant
857 396 977 445 bona
997 418 1010 451 ;
1063 408 1237 444 catenas
1259 397 1448 460 *argenti
1489 398 1702 454 conflare,
1757 413 1853 461 pror
1876 397 2018 447 facere
2055 412 2109 448 ut
2147 401 2403 454 cohaereant

403 469 528 531 quali
553 481 669 513 nexa
693 479 804 511 cum
831 464 948 511 veris
971 483 985 517 3
1011 463 1137 528 quod
1162 479 1319 511 aurum
1342 465 1393 512 fit
1412 464 1586 513 bonum
1610 465 1659 512 ὅτ
1683 478 1926 526 argentum
1951 481 2133 522 verum,
2158 468 2395 518 videantur

407 534 505 581 loca
533 532 665 595 supra
689 530 838 578 citata.
911 529 1136 576 Similiter
1177 530 1298 593 apud
1323 530 1571 590 Jeremiam
1611 538 1645 560 “
1673 532 1844 579 Statuta
1866 535 2077 594 gentium
2115 534 2285 581 vanitas
2319 537 2396 583 illa

409 597 631 660 liquidem
658 598 836 658 lignum
856 595 914 641 de
935 595 1059 657 sylva
1082 597 1268 650 excidit,
1302 611 1419 659 opus
1440 613 1655 644 manuum
1676 597 1805 654 fabri,
1831 613 1938 644 auro
1956 598 2012 646 ὅ
2030 609 2204 662 argemo
2222 614 2396 649 exornat

403 663 560 726 illud-37
579 663 717 710 clavis
742 664 791 709 δι
819 661 993 708 malleis
1018 661 1203 710 firmant
1229 662 1318 717 illa,
1355 675 1403 710 ut
1439 679 1532 710 non
1567 662 1742 710 vacillet
1757 662 1788 685 ”
1813 679 1865 710 x:
1895 680 1941 725 3.
1965 681 2015 722 4.
2084 666 2230 727 Apud
2268 667 2393 714 Hos-

405 731 564 777 cheam
600 738 633 759 ‘⁶
659 728 900 791 Ephrainii
941 727 1118 775 addunt
1158 743 1355 790 peccare,
1392 729 1439 776 δε
1464 726 1636 777 faciunt
1660 728 1740 776 libi
1757 729 1881 787 fustle
1901 745 1953 777 ex
1973 730 2150 794 argento
2174 734 2219 778 in
2240 734 2394 782 intelli-

397 797 549 857 gentia
578 796 663 856 sua
698 794 826 852 idola,
862 809 980 857 opus
1003 794 1228 841 artificum
1254 793 1455 841 totum'’
1491 810 1625 842 x111:
1653 809 1701 852 2,
1736 793 1966 859 Ephraim
1991 811 2075 859 pro
2097 797 2392 847 intellectuali

405 862 638 917 Ecclefiae,
675 877 730 908 n:
760 876 907 921 5354.
937 860 1082 907 6222.
1109 860 1255 923 6234.
1283 861 1426 923 6238.
1458 861 1624 921 62673
1675 861 1802 910 fusile
1825 876 1882 907 ex
1904 875 2110 925 argento,
2163 879 2247 926 pro
2279 864 2400 914 falso*

403 926 647 993 apparente
671 938 721 974 ut
742 941 871 983 vero,
911 940 1047 987 quare
1069 925 1235 972 dicitur
1260 927 1304 972 in
1326 925 1629 989 intelligentia
1652 926 1757 981 sua3
1791 941 1911 989 opus
1948 928 2173 975 artificum
2217 942 2391 988 totum,

398 1010 486 1057 pro
516 1010 611 1058 quo
646 1007 785 1040 omne
819 1006 897 1054 per
931 991 1165 1037 ratiocinia
1198 1006 1258 1038 ex
1299 992 1502 1054 proprio.
1572 992 1723 1054 Apud
1762 992 2006 1040 Habakuk
2043 1003 2076 1023 ‘⁶
2098 994 2187 1041 Vae
2220 995 2388 1046 dicenti

403 1062 550 1123 ligno,
571 1056 908 1121 expergiscere,
954 1055 1122 1119 evigila
1147 1056 1288 1121 lapidi
1314 1057 1473 1114 filenti,
1512 1057 1585 1105 hic
1616 1057 1833 1111 docebit·,
1876 1058 1946 1106 hic
1967 1059 2183 1117 eccefixus
2206 1077 2313 1109 auro
2334 1062 2392 1111 ἐξ

402 1123 716 1240 aigin-'⁰252
731 1123 1277 1252 sfflffssuiss‘ssssg‘e‘iffiessssss
1294 1121 2391 1256 {322233330¹³3331⁹3522321311¹333235

532 1225 550 1248 2
2201 1221 2218 1238 ‘¹
2375 1230 2389 1241 ·

407 1257 557 1320 Apud
583 1255 828 1304 Danielem
865 1262 899 1284 “
924 1254 1188 1306 Belschazar
1212 1254 1346 1312 dixit,
1382 1270 1489 1303 cum
1516 1255 1657 1318 probe
1681 1255 1887 1319 gustabat
1913 1258 2098 1313 vinum,
2132 1272 2184 1306 ut
2206 1259 2389 1308 adduce·

406 1333 504 1372 rent
519 1325 625 1385 vasa
644 1324 743 1370 auri
760 1321 816 1370 ὅ
833 1322 1017 1384 argenti,
1052 1337 1160 1384 quae
1182 1320 1429 1369 adduxerat
1445 1321 1842 1369 Nebuchadnezar
1859 1336 1985 1386 pater
2004 1323 2123 1371 illius
2141 1340 2166 1371 e
2181 1326 2393 1389 Templo

405 1391 534 1454 quod
571 1391 616 1436 in
643 1386 990 1448 Hierosolyma,
1022 1399 1073 1433 ut
1095 1388 1301 1435 biberent
1329 1402 1388 1435 ex
1412 1388 1465 1434 iis
1489 1387 1593 1435 Rex
1616 1389 1666 1435 δι’
1690 1388 1930 1451 Magnates
1952 1387 2062 1448 eius,
2098 1406 2262 1438 uxores
2294 1391 2392 1456 ejus

403 1458 456 1504 &
480 1455 660 1519 pellices
682 1452 798 1517 ejus,
850 1455 902 1502 ὅτ
926 1453 1130 1500 biberent
1153 1452 1333 1509 vinum,
1383 1454 1433 1501 &
1457 1452 1690 1501 laudarent
1713 1454 1808 1500 deos
1830 1458 1932 1502 auri
1953 1455 2009 1504 ἔθ’
2031 1458 2217 1519 argenti,
2266 1462 2389 1515 aeris,

402 1521 529 1577 ferri,
581 1519 717 1584 ligni,
762 1518 923 1582 lapidis
939 1517 989 1537 ’³'
1009 1533 1040 1564 v
1058 1532 1081 1566 ε·
1099 1534 1142 1566 2.
1171 1535 1217 1582 3.
1242 1536 1290 1579 4.
1318 1525 1342 1566 '2
1351 1534 1398 1582 3,
1450 1519 1550 1566 vasa
1580 1520 1675 1566 auri
1699 1521 1750 1567 ὅτ
1772 1521 1946 1582 argenti
1968 1537 2074 1584 quae
2095 1538 2154 1570 ex
2177 1524 2391 1588 Templo

335 1621 338 1624 -
409 1586 751 1650 Hierosolymae
772 1582 1148 1648 repraesentabant
1170 1586 1292 1632 bona
1307 1585 1359 1633 δε
1375 1599 1479 1631 vcra
1500 1584 1711 1633 Ecclesiae
1733 1602 1784 1633 ac
1809 1586 1962 1648 Regni
1983 1587 2200 1644 Domini,
2236 1590 2392 1654 bibese

411 1655 574 1701 vinum
598 1669 657 1700 ex
674 1651 770 1699 ‘illis
792 1650 1072 1713 fignificabat
1094 1650 1376 1714 prophanare
1401 1665 1482 1714 per
1505 1651 1625 1699 mala
1648 1653 1699 1699 δε
1722 1651 1843 1708 falsa,
1877 1667 1986 1713 quae
2008 1652 2109 1701 sunt
2131 1654 2195 1702 dii
2218 1656 2314 1703 auri
2336 1657 2390 1705 &

407 1721 460 1768 δε
481 1718 673 1783 argenti.
742 1716 896 1781 Apud
930 1716 1164 1764 Davidem
1202 1724 1237 1746 “
1261 1716 1379 1764 Idola
1416 1732 1560 1765 eorum
1596 1727 1819 1780 argentum
1852 1717 1909 1767 &
1943 1734 2119 1776 aurum,
2154 1736 2272 1784 opus
2296 1738 2392 1771 ma-

409 1802 558 1835 nuum
583 1783 800 1839 hominis,
833 1799 885 1830 os
904 1782 988 1830 illis
1008 1781 1084 1829 sed
1102 1797 1192 1830 non
1213 1781 1478 1847 loquuntur,
1513 1784 1632 1831 oculi
1653 1784 1740 1831 illis
1764 1783 1838 1831 sed
1862 1782 1962 1836 nonf
1977 1786 2138 1832 vident
2152 1788 2182 1809 ’⁵
2204 1787 2355 1836 Psalm
2374 1807 2388 1836 ε

408 1858 529 1901 cx'v:
565 1869 614 1911 4.
641 1866 688 1912 5,
740 1848 922 1897 Psalm:
956 1863 1139 1897 cxxxv:
1173 1865 1245 1910 15·
1276 1849 1353 1904 16,
1404 1861 1639 1913 argentum
1662 1850 1714 1898 δε
1736 1865 1919 1906 aurum,
1969 1866 2077 1914 quae
2110 1851 2253 1911 idola,
2304 1870 2392 1918 pro

69 1977 74 1980 ᾖ
407 1919 523 1966 fallis
545 1917 594 1966 δι’
621 1915 785 1972 malis;
818 1930 934 1980 opus
973 1930 1196 1962 manuum
1234 1913 1438 1962 hominis
1475 1930 1563 1979 pro
1595 1915 1721 1980 quod
1754 1931 1813 1963 ex
1848 1917 2032 1980 propria
2071 1916 2391 1981 intelligentia.

0 1937 24 2072 ⁴
409 1983 556 2047 Apud
574 1981 794 2030 Moschen
819 1989 853 2012 “
870 1980 1106 2046 Sculptilia
1120 1981 1315 2028 deorum
1333 1981 1543 2044 gentium
1565 1981 1844 2031 comburetis
1861 1983 1967 2046 igne
1988 2003 2003 2038 ;
2036 1998 2125 2031 non
2138 1988 2389 2050 concupisces

405 2058 629 2114 argentum
651 2047 708 2098 δέ
731 2063 889 2098 aurum
914 2053 1048 2112 Jicper
1070 2046 1156 2095 illis
1178 2059 1229 2101 ut
1251 2047 1441 2110 accipias
1466 2048 1549 2095 tibi
1572 2067 1589 2102 ς
1638 2047 1919 2096 abominatio
1958 2063 2159 2113 namque
2188 2051 2389 2111 Jehovae

410 2116 503 2165 Dei
535 2115 614 2164 *tui
651 2114 802 2169 illud;
853 2113 959 2161 ideo
997 2128 1090 2160 non
1128 2111 1288 2162 inferes
1325 2113 1718 2163 abominationem
1741 2114 1787 2160 in
1810 2114 2010 2162 domum
2032 2126 2179 2172 tuam,
2234 2129 2287 2165 ut
2309 2119 2391 2167 fiat

405 2182 611 2241 devoti0,
647 2181 759 2229 ficut
795 2179 930 2238 illud,
978 2177 1288 2228 abominando
1325 2180 1660 2228 abominaberis
1695 2179 1808 2228 illud
1824 2178 1856 2204 '³
1882 2181 2039 2228 Deut:
2064 2196 2138 2229 vn
2161 2198 2172 2228 :
2199 2198 2277 2244 25.
2305 2186 2390 2242 26,

406 2259 655 2312 argentum
679 2246 730 2294 8τ
751 2261 911 2294 aurum
950 2243 1085 2310 super
1123 2244 1408 2308 sculptilibus
1447 2261 1531 2310 pro
1563 2245 1751 2295 falsis&
1775 2245 1908 2296 malis
1944 2262 2055 2312 quae
2089 2246 2298 2298 coluntur
2334 2262 2390 2300 ut

406 2331 513 2365 vera
536 2314 587 2362 &
616 2314 738 2362 bona
758 2327 816 2360 ex
838 2310 1099 2376 apparentia
1123 2310 1209 2358 illis
1234 2311 1436 2361 inducta.

474 2384 575 2444 893
585 2396 628 2442 3.
673 2377 789 2427 Non
811 2376 982 2426 facietis
995 2377 1150 2434 vobis,
1186 2377 1315 2442 quod
1340 2376 1561 2442 fignificet
1580 2376 1710 2443 quod
1734 2377 1886 2427 sedulo
1907 2378 2182 2437 cavendum,
2216 2380 2392 2429 constat

411 2461 469 2494 ex
491 2461 548 2494 eo
569 2445 697 2510 quod
721 2444 888 2493 iterum
904 2444 1077 2492 dicatur
1094 2444 1222 2508 quod
1240 2459 1331 2490 non
1351 2443 1632 2502 faciendum,
1670 2443 1846 2493 iteratio
1864 2444 1939 2493 seu
1957 2445 2168 2510 repetitio
2187 2445 2391 2497 involvit

411 2511 625 2568 omnino,
660 2511 735 2558 seu
755 2510 883 2575 quod
907 2509 1062 2558 sedulo
1082 2509 1358 2558 cavendum.

482 2581 626 2640 8934.
660 2574 799 2624 Vers:
823 2591 904 2624 21.
933 2575 1259 2638 22.23.Altare
1296 2575 1414 2623 humi
1437 2576 1582 2634 facies
1604 2577 1742 2634 Mihi,
1778 2575 1836 2626 δέ’
1860 2576 2124 2640 sacrificabis
2150 2578 2285 2642 steper
2311 2569 2413 2629 illo'

416 2641 650 2703 holocausta
670 2650 749 2690 tua
765 2640 822 2690 &³
837 2642 1112 2704 eucharistica
1133 2651 1227 2699 tua,
1253 2657 1407 2706 greges
1428 2650 1520 2690 tuos
1543 2641 1600 2692 &²
1620 2651 1818 2690 armenta
1841 2652 1936 2699 tua,
1970 2645 2015 2690 in
2036 2645 2150 2692 omni
2170 2646 2274 2700 loco,
2307 2662 2387 2709 quo

378 2752 382 2753 ⁷
410 2711 655 2758 memoriam
671 2707 839 2770 posttero
862 2706 1058 2755 Nominis
1078 2710 1194 2764 Mei,
1226 2710 1398 2755 veniam
1420 2707 1481 2755 ad
1497 2717 1557 2765 te,
1592 2707 1649 2757 ἐφ’
1671 2707 1906 2757 benedicam
1928 2708 2022 2758 tibi.
2094 2710 2212 2770 Etsi
2227 2710 2386 2759 Altare

408 2775 598 2840 lapidum
609 2774 757 2838 facias
783 2772 940 2830 Mihi„
957 2788 1037 2822 non
1055 2772 1282 2833 aedificabis
1305 2773 1397 2823 illos
1412 2777 1552 2838 caesos,
1586 2775 1735 2837 quiasi
1753 2774 1900 2823 carlum
1916 2784 2038 2822 tuum
2061 2779 2245 2824 moveris
2251 2779 2384 2840 super

301 2896 309 2899 χ
407 2843 494 2899 illo,
529 2839 586 2891 ξεῖ
598 2838 885 2905 prophanabis
898 2837 1020 2886 illud.
1077 2839 1140 2898 Et
1161 2855 1240 2886 non
1260 2837 1449 2900 ascendes
1472 2843 1518 2888 in
1531 2839 1743 2903 gradibus
1754 2842 1887 2904 super
1906 2840 1967 2887 ad
1985 2842 2128 2889 altare
2144 2857 2298 2900 meum,
2334 2852 2384 2890 ut

406 2924 490 2958 non
510 2907 724 2956 reveletur
739 2903 910 2952 nuditas
932 2913 1009 2951 tua
1021 2905 1153 2967 [ηραν
1169 2905 1254 2953 illo.
1316 2905 1475 2952 Altare
1499 2907 1630 2954 humi
1654 2906 1784 2955 facies
1800 2906 1946 2963 Mihi,
1971 2907 2196 2970 fignificat
2218 2923 2386 2972 reprae-

413 2973 687 3034 sentativum
711 2971 855 3018 cultus
878 2969 922 3016 in
947 2985 1112 3032 genere
1135 2986 1190 3019 ex
1214 2971 1368 3018 bono:
1405 2970 1741 3020 &sacrificabis
1765 2972 1897 3035 super
1919 2972 2000 3020 illo
2025 2973 2281 3021 holocausta
2300 2986 2387 3021 vtua.

407 3037 777 3098 &eucharistica
800 3047 894 3092 tua,
927 3036 1150 3100 fignificat
1172 3035 1346 3083 cultum
1366 3035 1413 3082 in
1431 3035 1576 3099 specie
1600 3036 1844 3086 secundum
1868 3036 2059 3100 cujusvis
2083 3038 2250 3087 statum
2275 3042 2388 3087 vitae

414 3101 684 3169 spiritualis-2
729 3117 892 3167 greges
915 3114 1018 3150 tuos
1042 3102 1093 3150 &
1116 3113 1322 3150 armenta
1357 3112 1450 3158 tua,
1479 3101 1713 3166 *fignificat
1747 3102 1880 3152 bona'
1903 3103 2076 3152 interna
2096 3106 2148 3154 δι
2170 3118 2353 3158 externa
2372 3121 2388 3153 ε

409 3171 615 3228 inomni
636 3170 738 3221 loco
761 3172 858 3235 'quo
881 3167 1152 3219 memoriam
1176 3166 1367 3282 posuelr30
1387 3167 1612 3281 §ominis
1635 3170 1763 3230 mei,
1780 3169 1994 3241 fignificat
2013 3170 2182 3287 statugi
2207 3171 2315 3245 fidei
2338 3171 2389 3219 in

455 3252 467 3257 ³
658 3266 661 3268 <
2122 3262 2125 3264 ·
2177 3252 2390 3288 ominum
