2722 3684
472 161 842 231 CAPUT
915 156 1598 224 VIGESIMUM
1669 156 2147 222 PRIMUM.
2234 159 2364 243 287

358 288 458 338 haec
486 283 748 335 sanetiffima
771 276 889 335 sunt,
923 277 1035 342 quia
1054 276 1154 326 sunt
1175 275 1350 324 Divina
1373 290 1398 322 a
1415 273 1643 333 Domino,
1679 273 1725 323 in
1743 276 1909 341 quibus
1928 277 1985 324 fic
2000 277 2063 325 est
2083 278 2175 327 vita
2194 290 2364 328 aeterna

360 356 454 403 secu
462 351 606 399 ndum
626 343 821 395 Domini
839 345 980 392 verba
997 344 1120 408 apud
1139 342 1405 407 Johannem
1430 350 1467 372 ‘⁶
1487 341 1628 390 Verba
1642 348 1735 406 quae
1752 345 1848 408 Ego
1864 345 2008 407 loquor
2022 344 2157 401 vobis,
2174 347 2360 408 spiritus

356 429 461 487 sunt
482 416 537 467 ὃ
555 415 770 476 vitasunt
789 411 821 434 '⁹
848 427 900 459 vr
925 427 937 458 :
964 425 1023 476 73
1047 431 1062 466 3
1098 410 1174 458 sed
1194 409 1459 458 sanffiffima
1477 408 1553 457 illa
1578 408 1751 457 Divina
1767 423 1924 475 patent
1947 425 2097 457 coram
2121 411 2291 474 angelis
2311 413 2360 460 in

367 487 507 538 coelo,
560 481 671 545 quia
695 479 743 526 hi
767 495 859 527 non
884 479 1074 542 capiunt
1106 477 1316 539 Verbum
1347 476 1606 524 naturaliter
1629 474 1878 525 secundum
1914 475 2087 524 sensum
2124 475 2359 536 literalem,

367 552 441 599 sed
474 546 833 612 spirutualiterts>
865 545 1038 592 undum
1067 544 1241 592 sensum
1266 544 1531 598 internum3
1568 541 1816 593 secundum
1850 544 1972 591 hunc
2006 543 2182 591 sensum
2216 544 2356 593 etiarn

366 617 575 665 homines
596 550 871 678 caperess
875 612 1056 668 erbum,
1108 609 1410 672 fiangelicam
1442 607 1586 656 vitam
1620 611 1842 666 viverent,
1879 625 2048 674 nempe
2068 611 2212 658 vitam
2245 610 2357 658 fidei

365 686 415 732 δε
440 682 632 728 amoris:
668 694 772 743 quae
794 679 839 725 in
869 675 991 725 sensu
1019 671 1196 724 interno
1229 675 1377 725 Verbi
1418 676 1730 732 continentur,
1781 691 1865 725 nec
1887 677 2010 724 aliud
2047 676 2165 733 sunt,
2216 690 2358 739 quam

365 764 473 813 quae
497 747 694 811 genuina
716 745 926 792 doctrina
950 743 1165 792 Ecclefiae
1197 742 1330 790 docet
1352 761 1368 797 ς
1418 742 1619 805 genuina
1647 741 1857 791 doctrina
1871 741 2086 791 Ecclefiae
2102 742 2238 790 docet
2258 742 2360 791 Do·

367 816 566 869 minum,
604 812 744 860 fidem
773 811 817 858 in
845 809 1015 875 ipsum,
1053 824 1263 858 amorem
1282 809 1328 856 in
1355 809 1524 872 ipium,
1561 809 1612 855 &
1635 823 1841 859 amorem
1867 810 1975 857 boni
1994 808 2121 874 quod
2140 809 2199 857 ab
2216 808 2354 874 Ipso,

367 882 443 929 hic
462 896 589 929 amor
612 876 675 925 e'st
698 878 886 925 charitas
908 892 1013 939 erga
1038 877 1324 940 proximum,
1359 891 1413 922 n:
1442 874 1759 939 670946710.
1782 880 1908 938 8123
1932 896 1946 930 ς
1981 877 2063 940 qui
2082 876 2194 923 hanc
2209 875 2356 924 vitam

364 949 559 1002 vivunt,
594 944 912 991 illustrantura
933 943 1161 1000 Domino,
1211 943 1261 990 ὅτ
1291 941 1452 989 vident
1488 940 1634 989 sancta
1664 941 1837 999 Verbi·,
1873 944 1923 991 &
1947 942 2200 1005 nullatenus
2239 943 2354 998 alii,

373 1014 583 1062 videatur
606 1009 821 1065 Praefatio
848 1007 906 1057 ad
928 1009 1028 1072 Cap
1051 1025 1062 1055 ε
1086 1024 1220 1056 xvru
1263 1007 1443 1056 Genes:
1563 1058 1567 1065 A
1775 1032 1778 1034 -
2139 1021 2147 1028 ·
2208 1023 2227 1029 »-

435 1083 581 1143 9087.
655 1076 893 1124 Dominus
938 1073 1092 1123 foveae
1130 1072 1367 1137 rependet,
1419 1072 1547 1139 quod
1585 1072 1808 1135 fignificet
1841 1074 1969 1137 quod
1997 1074 2032 1121 is
2054 1074 2179 1140 apud
2215 1090 2357 1139 quem

366 1146 551 1201 falsum,
586 1142 869 1198 emendabit,
902 1141 1075 1190 constat
1097 1157 1155 1188 ex
1180 1140 1510 1204 significatione
1547 1138 1731 1188 domini
1767 1139 1933 1196 foveae,
1967 1142 2095 1207 quod
2132 1141 2185 1189 fit
2226 1142 2353 1205 apud

365 1228 503 1278 quem
538 1210 717 1265 falsum,
752 1207 888 1256 fovea
917 1207 1039 1256 enim
1065 1206 1130 1254 est
1160 1206 1339 1264 falsum,
1389 1223 1450 1254 n:
1476 1209 1623 1270 9084.
1650 1206 1814 1270 9086,
1855 1208 1906 1257 δε
1939 1224 1996 1256 ex
2032 1207 2359 1273 significatione
2405 1204 2408 1208 ’

367 1278 628 1343 rependere,
662 1275 792 1339 quod
809 1275 862 1322 s1t
879 1274 1124 1322 emendare
1145 1294 1159 1328 ;
1194 1274 1318 1338 quod
1342 1273 1589 1337 rependere
1610 1273 1662 1320 sit
1679 1271 1938 1333 emendare,
1975 1274 2038 1323 est
2056 1272 2163 1342 quia
2181 1275 2363 1323 mulda

368 1346 594 1408 fignificat
624 1341 1016 1396 emendationem,
1067 1356 1095 1387 n
1118 1357 1129 1386 ε
1155 1355 1303 1403 9045,
1338 1341 1388 1388 δε
1411 1351 1654 1402 argentum
1685 1339 1813 1405 quod
1850 1342 2085 1405 penderet,
2137 1341 2361 1405 fignificat

370 1427 555 1466 verum,
591 1424 670 1473 per
693 1407 822 1472 quod
845 1406 1120 1463 emendatio,
1157 1406 1214 1454 de
1237 1421 1334 1470 quo
1352 1403 1566 1470 sequitur.

436 1479 588 1542 9088.
623 1474 895 1537 Argentum
925 1473 1085 1520 reddet
1118 1472 1315 1520 domino
1350 1473 1463 1535 ejus,
1500 1471 1624 1538 quod
1651 1470 1874 1535 significet
1907 1473 2035 1539 quod
2069 1489 2360 1539 perverum

369 1543 494 1609 apud
520 1542 650 1590 illum
674 1539 801 1603 cujus
824 1540 997 1588 bonum
1021 1551 1102 1588 aut
1126 1554 1289 1586 verum
1308 1539 1354 1586 in
1380 1540 1573 1588 naturali
1594 1538 1853 1604 perversum
1877 1540 1961 1598 est,
1993 1540 2166 1590 constat
2189 1557 2248 1591 ex
2273 1542 2359 1607 fig-

372 1609 631 1660 nificatione
674 1606 866 1671 argenti,
918 1606 1049 1670 quod
1091 1605 1145 1654 fit
1173 1620 1359 1663 verum,
1394 1606 1452 1652 de
1476 1621 1564 1670 qua
1590 1622 1651 1653 n:
1693 1621 1834 1668 1551.
1862 1611 2009 1668 2048.
2035 1609 2358 1669 5658a6112.

373 1680 522 1741 6914.
564 1675 651 1737 691
668 1687 711 1733 7.
755 1688 901 1737 7999,
939 1673 988 1719 &
1012 1672 1139 1735 quod
1178 1671 1283 1718 dare
1323 1684 1563 1735 argentum
1605 1671 1656 1720 fit
1694 1673 1920 1720 redimere
1959 1689 2041 1737 per
2080 1689 2259 1732 verum,
2296 1691 2325 1723 n
2346 1693 2359 1724 τ

376 1758 436 1807 29
444 1759 540 1804 543
576 1741 626 1790 &
649 1755 707 1786 ex
731 1738 1062 1801 significatione
1101 1738 1277 1786 domini
1320 1737 1433 1802 ejuS,
1485 1754 1651 1802 nempe
1675 1736 1802 1803 cujus
1827 1738 1907 1785 bos
1933 1740 2007 1788 vel
2030 1740 2176 1789 afinus
2197 1741 2363 1793 cecidit

371 1812 420 1858 in
445 1808 644 1864 foveam,
681 1806 805 1870 quod
831 1805 882 1854 fit
906 1806 941 1852 is
964 1803 1092 1868 cujus
1116 1805 1291 1852 bonum
1310 1817 1386 1851 aut
1408 1819 1570 1852 verum
1595 1806 1639 1852 in
1665 1803 1858 1852 naturali·
1881 1804 2141 1868 perversum
2161 1808 2243 1865 est,
2278 1809 2363 1858 bos

372 1876 498 1924 enim
536 1873 601 1922 est
640 1874 822 1922 bonum
843 1872 889 1919 in
915 1870 1119 1928 naturali,
1157 1870 1207 1918 ὅτ
1230 1871 1374 1918 afinus
1410 1869 1474 1917 est
1510 1887 1674 1919 verum
1706 1870 1786 1927 ibi,
1823 1887 1880 1917 n:
1906 1875 2035 1935 9085
2061 1874 2292 1922 &cadere
2312 1874 2361 1923 in

375 1942 559 1990 foveam
591 1938 656 1988 est
689 1939 767 1986 illa
808 1950 1080 2001 pervertere,
1116 1954 1169 1986 n:
1199 1937 1348 2000 9086.
1415 1936 1539 1984 Cum
1563 1937 1650 1985 hoc
1675 1937 1736 1994 ita
1761 1937 1802 1984 se
1826 1936 1990 1994 habet;
2028 1939 2061 1986 fi
2084 1941 2262 1990 bonum
2284 1954 2365 1990 aut
2402 1960 2404 1963 ·

374 2024 538 2056 verum
565 2023 642 2070 per
676 2004 840 2053 falsum
864 2005 1154 2068 pervertitur,
1199 2017 1311 2051 tunc
1335 2004 1595 2067 perversum
1618 2003 1683 2051 est
1705 2003 2044 2054 emendandum
2068 2022 2150 2071 per
2173 2023 2372 2067 verum,

374 2076 489 2122 intra
515 2072 763 2120 Ecclesiam
790 2086 869 2134 per
892 2086 1052 2118 verum
1077 2086 1134 2119 ex
1164 2070 1338 2126 Verbo,
1375 2068 1449 2117 feu
1473 2086 1531 2117 ex
1565 2070 1774 2117 doctrina
1796 2087 1905 2134 quae
1927 2082 1986 2119 ex
2010 2073 2197 2130 Verbo3
2233 2075 2364 2124 causa

376 2141 501 2205 quod
523 2141 583 2187 ita
605 2140 712 2196 erit,
747 2136 811 2185 est
834 2137 942 2202 quia
966 2152 1128 2185 verum
1146 2135 1279 2184 docet
1302 2135 1424 2200 quid.
1436 2137 1613 2184 malum
1637 2137 1687 2185 &
1709 2137 1822 2200 quid
1847 2136 2030 2196 falsum,
2065 2141 2116 2188 δι
2137 2140 2193 2189 src
2216 2140 2366 2190 homo

379 2209 454 2254 ilia
478 2207 606 2254 videt
628 2206 677 2253 ὅτ
702 2204 921 2266 agnoscit,
956 2203 1005 2252 δι
1028 2219 1136 2251 cum
1165 2202 1290 2250 videt
1314 2204 1364 2251 ὅτ
1387 2202 1613 2266 agnoscit,
1648 2215 1757 2251 tunc
1780 2206 2011 2253 emendari
2037 2207 2183 2271 potest
2206 2229 2220 2262 ;
2257 2224 2364 2257 nam

377 2273 609 2321 Dominus
628 2271 778 2319 influit
795 2271 842 2317 in
862 2269 935 2317 illa
953 2269 1073 2334 apud
1097 2269 1354 2326 hominem,
1391 2286 1499 2334 quae
1517 2269 1658 2317 homo
1676 2269 1776 2328 scit,
1813 2287 1905 2319 non
1925 2283 2077 2320 autem
2096 2273 2141 2321 in
2161 2274 2238 2322 illa
2256 2291 2366 2340 quae

378 2356 468 2388 non
495 2340 610 2394 scit;
646 2349 931 2403 quapropter
965 2351 1046 2384 nec
1078 2335 1295 2384 emendat
1329 2338 1506 2384 malum
1531 2348 1607 2384 aut
1629 2334 1792 2384 falsum
1818 2337 2083 2404 priusquam
2117 2340 2262 2388 homo
2299 2341 2368 2388 in-

383 2406 578 2454 struitus
609 2404 673 2452 est
705 2403 828 2466 quod
855 2403 908 2452 fit
933 2403 1107 2451 malum
1141 2415 1219 2450 aut
1253 2401 1445 2451 falsum:
1506 2402 1614 2450 inde
1641 2402 1721 2460 est,
1757 2404 1886 2468 quod
1924 2406 2005 2470 qui
2046 2408 2364 2470 paenitentiam

381 2484 535 2537 agent,
572 2470 690 2519 mala
713 2470 788 2517 sua
811 2469 1097 2518 videbunt&
1114 2469 1383 2533 agnoscent,
1417 2470 1469 2518 ὅτ
1487 2469 1543 2517 fic
1560 2471 1705 2517 vitam
1731 2471 1824 2517 veri
1849 2470 2026 2527 vivent,
2063 2488 2123 2519 n:
2153 2475 2278 2536 8388
2305 2474 2364 2523 ad

387 2541 410 2585 8
424 2553 512 2601 392
537 2554 547 2582 ε
574 2537 776 2584 similiter
800 2535 841 2583 se
867 2536 999 2583 habet
1021 2551 1130 2583 cum
1155 2536 1545 2599 purificationibus
1567 2551 1593 2582 a
1618 2536 1746 2582 malis
1764 2551 1976 2584 amorum
2003 2537 2066 2586 sui
2090 2538 2140 2587 &
2165 2539 2364 2597 mundi3

384 2602 715 2667 purificationes
738 2602 794 2648 ab
817 2601 905 2650 illis
927 2602 1159 2649 amoribus
1183 2616 1472 2666 nequaquam
1509 2601 1603 2650 fieri
1629 2602 1811 2664 possunt
1834 2619 1977 2667 quam
2003 2620 2084 2668 per
2107 2620 2212 2654 vera
2237 2607 2364 2663 fidei,

378 2671 485 2735 quia
510 2668 608 2716 haec
623 2667 785 2716 docent
801 2667 929 2732 quod
948 2669 1006 2716 ab
1021 2667 1252 2715 amoribus
1271 2667 1358 2715 illis
1374 2683 1536 2716 omnes
1552 2668 1958 2732 concupiscentiae:
1994 2669 2100 2719 inde
2118 2685 2211 2720 erat
2231 2672 2364 2737 quod

381 2734 663 2784 circumcifio
681 2733 797 2797 apud
821 2734 1315 2798 gentemlsraeliticam
1346 2735 1396 2783 δε
1428 2734 1669 2798 Judaicam
1693 2735 1831 2784 fiebat
1854 2751 1936 2801 per
1962 2736 2164 2786 cultrum
2190 2751 2365 2803 petrae,

384 2802 665 2852 circumcisio
687 2800 811 2848 enim
835 2799 1114 2862 significabat
1138 2801 1504 2866 purificationem
1522 2817 1546 2848 a
1565 2801 1731 2866 spurcis
1755 2802 1843 2851 illis
1864 2804 2114 2863 amoribus,
2151 2805 2202 2854 δτ
2223 2805 2367 2854 culter

386 2883 544 2935 petrae‚
581 2883 657 2931 per
679 2880 819 2930 quem
843 2865 1001 2922 fiebat,
1032 2866 1312 2930 significabat
1333 2883 1496 2915 verum
1522 2869 1646 2924 fidei,
1682 2885 1742 2916 n:
1771 2870 1898 2934 2769
1921 2870 2025 2918 med
2045 2888 2059 2919 t
2082 2888 2230 2933 7044.
2277 2873 2366 2921 Per

385 2952 492 2984 vera
516 2934 623 2982 fidei
646 2932 784 2982 etiam
809 2931 954 2980 homo
975 2946 1280 2995 regeneratur,
1317 2950 1346 2980 n
1368 2951 1380 2981 ε
1407 2934 1534 2996 8635
1554 2934 1610 2982 ad
1637 2935 1767 2994 8640
1792 2937 1936 3001 ‚8772
1962 2954 1974 2985 z
1999 2936 2088 2985 hoc
2111 2954 2191 3003 per
2215 2939 2367 2988 Lava-

386 3004 547 3058 tiones,
584 3015 665 3065 per
680 3014 791 3065 quas
806 2997 925 3046 olim
942 2998 1289 3056 mundabantur,
1326 2999 1631 3061 significatum
1654 3000 1717 3047 est
1740 3021 1757 3057 ε
1793 3003 1843 3050 ὅτ
1867 3003 1990 3051 idem
2015 3019 2203 3069 quoque
2227 3004 2370 3054 hodie

388 3085 469 3133 per
492 3082 627 3132 aquas
649 3064 866 3129 baptismi
886 3084 904 3118 3
941 3079 1077 3130 aquae
1098 3065 1224 3115 enim
1253 3065 1508 3128 fignificant
1531 3083 1636 3114 vera
1659 3067 1786 3124 fidei,
1823 3084 1904 3132 per
1936 3086 2045 3134 quae
2075 3071 2191 3118 mala
2213 3063 2368 3120 remo-

392 3148 570 3194 ventur,
607 3150 659 3183 n:
691 3147 804 3200 739.
831 3146 978 3200 2702.
1000 3135 1144 3199 3058.
1172 3146 1320 3199 3424,
1346 3133 1493 3200 4976.
1519 3148 1666 3201 7307.
1696 3134 1856 3202 8568,
1891 3136 1940 3188 &
1959 3136 2214 3203 Baptismus
2234 3138 2373 3254 figni-

2303 3217 2376 3256 cat
