2722 3684
562 120 1069 231 CA'PU'T
1161 150 2119 259 VIGESIMUM.
2255 161 2389 245 167

375 304 471 339 non
496 290 731 338 Dominus
753 286 817 333 est
843 286 886 332 in
914 286 1055 344 Vero,
1090 285 1155 334 est
1180 286 1358 334 Verum
1381 284 1551 350 absque
1574 284 1691 341 vita,
1726 283 1791 331 ita
1815 300 1907 332 non
1932 301 2110 343 verum,
2145 298 2192 335 at
2231 286 2267 334 s1
2301 287 2383 336 fal-

370 356 470 406 sum
496 358 541 404 in
568 356 664 412 1110,
699 367 779 403 aut
806 351 978 400 malurn
1002 355 1048 401 in
1074 353 1170 410 illo,
1207 352 1273 401 est
1309 351 1461 416 ipsum
1498 367 1658 401 verum
1682 351 1807 414 apud
1833 351 2073 400 hominem
2107 352 2266 401 falsum
2300 367 2380 403 aut

374 425 548 475 malum
569 417 590 476 ξ
621 437 729 469 nam
753 419 881 486 quod
907 421 1027 468 intus
1052 421 1136 478 est,
1171 420 1262 475 hoc
1285 418 1393 468 facit
1415 419 1664 475 effentiam,
1691 420 1741 467 &
1760 416 1947 484 quoque
1966 418 2011 465 in
2028 420 2167 466 altera
2186 421 2276 469 vita
2298 436 2380 486 per

299 539 303 543 ,
364 490 604 539 eiternum
629 489 901 536 transsucet:
937 504 997 536 ex
1034 490 1103 536 his
1139 486 1501 536 nunc‘constare
1535 486 1699 550 potest,
1746 487 1988 550 quomodo
2023 484 2378 548 intelligendum

366 554 495 620 quod
532 570 624 603 non
662 554 717 604 fit
749 555 1058 617 cogitandum
1084 555 1143 602 de
1168 557 1284 602 veris
1321 554 1505 602 aliunde
1541 569 1680 617 quam
1717 569 1776 602 ex
1801 552 2026 602 Domino.
2095 553 2219 609 Quia
2241 554 2372 617 pauci

362 621 527 680 sciunt,
546 621 792 687 quomodo
814 621 855 669 se
870 621 1007 669 habet
1024 638 1132 670 cum
1155 622 1270 669 veris
1290 637 1399 686 quae
1418 622 1463 668 in
1483 620 1631 681 forma
1649 621 1822 668 interna
1840 620 1941 668 sunt
1959 635 2081 676 vera,
2100 619 2162 667 ita
2178 635 2285 684 quae
2306 620 2378 666 vi-

370 701 488 737 vunt
505 705 531 736 a
551 690 776 746 Domino,
810 688 986 738 dicetur
1003 688 1177 754 aliquid
1197 688 1257 736 de
1270 689 1344 736 -his
1362 690 1420 736 ab
1437 688 1722 750 experientia
1744 707 1760 740 ς
1797 687 1842 735 in
1865 688 2004 735 altera
2024 687 2116 734 vita
2138 685 2376 734 manifeste

366 756 617 820 percipitur
632 759 689 804 ab
706 756 968 821 unoquovis
984 758 1065 822 'qui
1083 757 1289 821 loquitur
1314 756 1392 812 ibi,
1413 754 1528 820 quid
1547 755 1663 803 intus
1678 754 1720 801 se
1738 753 1949 802 recondit
1973 756 2020 802 in
2045 753 2196 802 verbis
2213 756 2376 819 loque-

369 823 431 871 lae
453 824 563 886 ejuS‚
600 823 714 871 ficut
740 839 852 871 num
885 825 999 871 inibi
1019 824 1220 871 clausum
1257 823 1340 880 est,
1378 824 1448 870 vel
1475 829 1586 869 num
1610 834 1838 886 apertum,
1875 833 1977 868 turn
2012 820 2153 885 qualis
2186 819 2375 870 affectio

371 889 505 948 inest,
542 891 576 939 si
598 890 782 939 affectio
806 891 915 937 boni
938 890 1002 937 est
1028 891 1169 938 molle
1194 889 1331 945 intus,
1370 890 1400 938 s1
1435 888 1618 936 affectio
1642 887 1749 936 mali
1783 887 1846 936 est
1870 888 2038 936 durum
2064 888 2202 945 intus,
2239 888 2286 935 &
2312 887 2371 936 fic

367 973 512 1021 porro
531 974 543 1004 ε
578 957 701 1021 apud
720 956 910 1018 angelos
927 956 1054 1014 coeli‚
1092 955 1194 1005 sunt
1212 957 1370 1004 omnia
1394 955 1612 1014 sermonis,
1640 955 1827 1003 illorum
1859 968 2011 1018 aperta
2033 955 2174 1020 usque
2194 955 2250 1002 ad
2272 955 2374 1003 Do-

365 1025 568 1080 minum,
609 1024 740 1086 quod
765 1026 814 1072 &
833 1024 951 1071 clare
970 1024 1234 1087 percipitur,
1253 1025 1306 1072 &
1322 1038 1511 1087 quoque
1534 1022 1713 1070 auditur
1730 1037 1788 1069 ex
1811 1022 2005 1069 molli:ie
2023 1023 2073 1069 ὅτ,
2097 1021 2189 1084 ejus
2208 1022 2330 1086 quali
2353 1042 2370 1077 ς

368 1091 477 1139 inde
501 1105 687 1155 quoque
711 1089 865 1148 scitur,
901 1090 1017 1156 quid
1043 1090 1166 1138 intus
1199 1091 1245 1138 in
1272 1091 1390 1138 veris
1425 1090 1709 1137 reconditum
1729 1087 1854 1147 latet,
1898 1104 2013 1136 num
2040 1089 2274 1136 Dominus
2297 1089 2371 1136 vel
2438 1134 2448 1140 ,

363 1173 459 1206 non
474 1157 495 1213 '3
530 1172 636 1205 vera
661 1157 707 1204 in
726 1158 894 1222 quibus
912 1157 975 1204 est
996 1158 1235 1206 Dominus
1259 1157 1360 1207 sunt
1382 1172 1486 1204 vera
1500 1172 1609 1222 quae
1626 1158 1807 1212 vivunt,
1841 1168 1888 1204 at
1906 1171 2010 1203 vera
2029 1156 2073 1204 in
2092 1156 2262 1221 quibus
2277 1172 2370 1204 non

366 1225 433 1273 est
465 1225 714 1282 Dominus,
754 1225 855 1273 sunt
887 1241 995 1272 vera
1027 1241 1137 1289 quae
1170 1240 1263 1273 non
1298 1227 1501 1279 vivunt;
1535 1240 1644 1288 quae
1679 1223 1859 1280 vivunt,
1897 1224 1997 1271 sunt
2031 1239 2136 1270 vera
2166 1224 2276 1272 fidei
2311 1239 2378 1270 ex.

367 1307 524 1340 amore
550 1291 597 1339 in
624 1292 887 1341 Dominum
922 1294 973 1340 &
995 1308 1053 1339 ex
1088 1291 1302 1340 charitate
1318 1307 1421 1354 erga
1448 1306 1722 1356 proximum
1746 1312 1760 1346 3
1794 1307 1903 1356 quae
1927 1307 2017 1337 non
2050 1292 2233 1347 vivunt,
2270 1289 2371 1339 sunt

364 1375 459 1407 non
486 1374 609 1415 vera,
644 1359 752 1424 quia
783 1358 910 1406 intus
933 1359 980 1406 in
1019 1359 1107 1407 illis
1140 1359 1204 1406 est
1227 1375 1358 1407 amor
1393 1360 1461 1407 sui
1497 1359 1547 1406 ὅτ
1580 1374 1712 1405 amor
1743 1358 1936 1406 mundi:
1990 1374 2049 1405 ex
2086 1359 2154 1406 his
2184 1357 2371 1422 poffunt

364 1424 544 1490 spiritus
601 1426 651 1474 &
702 1424 853 1488 angeli
899 1426 946 1473 in
987 1424 1126 1473 altera
1161 1428 1259 1473 vita
1297 1425 1510 1482 discerni,
1565 1441 1671 1472 nam
1716 1426 1962 1489 unicuique
2006 1441 2116 1472 vera
2156 1425 2260 1472 sunt
2306 1423 2369 1472 se-
2399 1453 2402 1455 -

364 1493 576 1541 cundum
612 1490 706 1553 ejus
739 1493 902 1550 vitam,
952 1493 1041 1540 hoc
1075 1491 1157 1550 est,
1204 1492 1452 1542 secundum
1487 1492 1536 1540 id
1571 1494 1698 1557 quod
1734 1492 1859 1557 apud
1895 1491 2024 1541 illum
2059 1491 2375 1541 universaliter·

366 1575 414 1608 re
454 1573 545 1607 nat.
818 1608 823 1617 ,

415 1576 583 1689 g8869.
621 1626 736 1674 Non
759 1624 890 1675 facias
915 1625 1000 1675 tibi
1019 1625 1244 1690 sculptile,
1263 1626 1391 1691 quod
1410 1625 1635 1689 significet
1659 1641 1750 1674 non
1768 1641 1827 1674 ex
1849 1626 2029 1690 propria
2048 1625 2366 1690 intelligentia,

362 1692 537 1741 constat
571 1706 628 1742 ex
655 1692 994 1757 significatione
1029 1691 1276 1758 sculptilis,
1298 1695 1423 1759 quod
1449 1694 1504 1742 fit
1527 1694 1574 1741 id
1598 1692 1724 1759 quod
1750 1709 1841 1740 non
1865 1709 1922 1742 ex
1945 1692 2172 1752 Domino,
2210 1694 2284 1741 sed
2306 1708 2366 1742 ex

367 1762 556 1824 proprio
587 1760 820 1823 hominis·,
856 1760 983 1826 quod
1001 1776 1060 1809 ex
1081 1763 1270 1825 proprio
1302 1761 1616 1818 intellestuali,
1650 1760 1931 1825 fignifigatur
1955 1776 2037 1823 per
2067 1760 2289 1826 sculptile,
2313 1761 2366 1809 δε

358 1827 493 1892 quod
517 1842 576 1876 ex
601 1827 790 1892 proprio
814 1829 1076 1876 voluntario
1109 1828 1387 1890 significatur
1407 1843 1486 1893 per
1508 1827 1634 1876 fusile
1655 1849 1671 1884 ς
1704 1829 1793 1876 hoc
1816 1840 1895 1876 aut
1929 1827 2042 1876 illud
2068 1844 2150 1891 pro
2174 1829 2263 1875 deo
2286 1828 2365 1874 ha-

362 1893 469 1942 bere
491 1892 563 1942 seu
582 1895 782 1952 adorare,
818 1895 882 1942 est
906 1911 1059 1944 amare
1075 1912 1215 1943 omne
1235 1897 1282 1944 id
1302 1897 1431 1960 super
1450 1895 1610 1944 omnia
1637 1895 1764 1959 quod
1799 1895 1856 1942 ab
1887 1895 1987 1960 ipso
2006 1894 2243 1959 procedit:
2279 1893 2362 1960 qui

360 1959 453 2008 hoc
479 1959 665 2018 faciunt,
703 1963 883 2027 prorsus
918 1979 1008 2010 non
1045 1963 1238 2012 credunt
1272 1964 1400 2028 quod
1426 1981 1451 2011 a
1477 1963 1656 2011 Divino
1682 1962 1858 2026 aliquid
1884 1962 2199 2026 intelligentiae
2223 1963 2272 2011 &
2297 1962 2363 2010 sa-

362 2027 556 2091 pientiae
573 2028 746 2086 influat,
787 2032 991 2078 tribuunt
1011 2031 1138 2078 enim
1161 2032 1316 2078 omnia
1338 2030 1438 2086 fibi,
1473 2045 1636 2078 caetera
1651 2045 1760 2094 quae
1783 2029 1866 2076 fibi
1888 2030 2123 2087 eveniunt,
2158 2028 2362 2078 referunt

363 2093 426 2144 ad,
450 2091 704 2154 fortunam,-
733 2097 814 2147 ,vel
832 2098 886 2143 ad
911 2100 1064 2146 casum
1088 2118 1103 2151 3
1139 2097 1484 2146 Providentiam
1510 2097 1730 2145 Divinam
1752 2097 1797 2142 in
1819 2096 1980 2145 talibus
2005 2097 2135 2162 plane
2159 2110 2358 2162 negant;

357 2165 530 2226 *putant
554 2163 586 2210 fi
612 2163 782 2228 aliquid
808 2164 1030 2212 Numinis
1055 2164 1107 2212 fit
1130 2166 1254 2228 quod
1280 2165 1421 2220 adest,
1465 2164 1508 2211 id
1538 2165 1588 2212 fit
1614 2165 1659 2212 in
1683 2155 1843 2212 ordin'e
1868 2177 2063 2222 naturae,
2100 2165 2175 2212 cui
2201 2164 2363 2213 adscri-

320 2283 323 2285 ,
362 2226 483 2277 bunt
504 2232 697 2285 omnia;
733 2231 891 2280 dicunt
915 2231 1104 2296 quidem
1127 2247 1220 2287 ore,
1260 2233 1387 2297 quod
1412 2231 1577 2296 aliquis
1599 2231 1787 2280 Creator
1809 2233 1941 2280 Deus
1966 2231 2234 2296 imprefi'erit
2258 2232 2379 2281 talia*

363 2309 555 2352 naturae,
591 2297 665 2344 sed
691 2299 828 2362 usque
848 2299 985 2346 corde
1000 2311 1170 2362 negant
1193 2300 1395 2361 aliquem
1425 2299 1581 2346 Deum
1608 2299 1737 2362 supra
1762 2311 1995 2353 naturam;
2033 2299 2141 2346 tales
2160 2299 2258 2346 sunt
2276 2300 2359 2363 qui

358 2361 443 2411 fibi
472 2362 653 2428 suaeque
674 2365 932 2429 prudentiae
966 2367 1017 2414 δι
1041 2365 1359 2430 intell¹gentiae
1392 2366 1597 2414 tribuunt
1629 2365 1803 2423 omnia,
1856 2367 1905 2414 &
1942 2366 2053 2414 nihil
2090 2366 2267 2414 Divino
2300 2380 2374 2414 ex:

360 2428 497 2477 corde
517 2451 533 2484 ς
567 2432 618 2480 &
640 2432 720 2496 qui
745 2431 927 2493 illorum
949 2434 991 2479 ie
1014 2447 1186 2490 amant,
1224 2433 1411 2481 adorant
1436 2433 1527 2487 sua,
1562 2435 1613 2482 &
1651 2435 1707 2481 ab
1740 2433 1840 2480 aliis
1879 2449 2064 2494 Quoque
2104 2434 2266 2480 volunt
2301 2444 2357 2480 ut

361 2495 628 2554 adorentur,
665 2515 763 2547 imo
786 2499 896 2549 ficut
918 2498 1006 2556 dii,
1041 2515 1196 2562 aperte
1221 2501 1251 2548 s1
1278 2517 1367 2547 non
1406 2499 1608 2548 Ecclesia
1639 2514 1845 2547 vetaret:
1899 2500 1944 2547 hi
1970 2499 2071 2547 sunt
2097 2500 2360 2547 formatores

361 2561 658 2628 sculptilium,
692 2565 788 2627 ip'ia
822 2566 1047 2630 sculptilia
1071 2566 1174 2614 sunt
1194 2583 1300 2630 quae
1325 2584 1384 2615 ex
1409 2567 1596 2629 proprio
1618 2567 1883 2622 excludunt,
1921 2582 1971 2613 ac
1989 2568 2152 2614 volunt
2177 2579 2224 2613 ut
2249 2567 2358 2614 ado·

360 2643 518 2677 rentur
542 2630 866 2693 pro-Divinis:
900 2634 1029 2696 quod
1054 2633 1130 2680 illa
1154 2651 1234 2698 per
1251 2634 1474 2697 sculptilia
1499 2635 1544 2681 in
1565 2635 1723 2682 Verbo
1745 2634 2070 2694 significentur,
2105 2633 2274 2681 constat
2299 2649 2357 2681 ex

359 2696 489 2752 locis,
527 2697 606 2744 ubi
640 2700 972 2755 nominantur;
1006 2714 1059 2748 ut
1081 2701 1202 2763 apud
1225 2702 1477 2766 jeremiam
1516 2709 1549 2731 “
1570 2702 1740 2750 Stultus
1777 2700 1917 2749 sacius
1940 2700 2004 2747 est
2028 2703 2178 2748 omnis
2212 2701 2356 2749 homo

359 2780 389 2812 a
412 2762 610 2819 scientia,
649 2766 822 2827 pudore
845 2766 1037 2815 affeftus
1059 2768 1123 2815 est
1146 2772 1279 2819 omnis
1301 2769 1548 2831 conflatora
1560 2768 1763 2831 sculptili,-
1798 2768 1907 2831 quia
1932 2769 2216 2816 mendacium
2237 2769 2379 2828 fusile·

357 2829 474 2893 ejus,-
511 2847 663 2896 neque
692 2831 873 2896 spiritus
893 2834 938 2880 in
961 2833 1072 2880 εἰς’-ἓ
1107 2850 1139 2883 x
1163 2852 1173 2881 :
1206 2853 1277 2896 ¹4·
1315 2836 1447 2899 Cap:
1474 2852 1551 2882 m:
1587 2853 1641 2896 17
1666 2857 1680 2889 ;
1716 2834 1822 2899 quia
1847 2850 1927 2899 per
1959 2835 2164 2900 sculptile
2186 2837 2358 2899 fignifi-

359 2910 487 2947 catur
510 2898 557 2947 id
574 2900 709 2964 quod
736 2916 827 2948 non
852 2915 878 2946 a
904 2900 1132 2956 Domino,
1167 2900 1240 2949 sed
1271 2919 1296 2950 a
1328 2903 1509 2965 propria
1536 2901 1836 2962 intelligentia
1861 2903 2082 2964 procedit,
2119 2902 2223 2949 ideo
2246 2901 2378 2949 dici--

357 2978 435 3015 tur
458 2964 619 3017 stultus
643 2966 785 3015 sactus
804 2966 867 3021 est
887 2967 1038 3014 omnis
1057 2967 1202 3014 homo
1221 2984 1247 3016 a
1271 2969 1465 3025 scientia,
1500 2969 1551 3015 δε
1578 2969 1752 3031 pudore
1775 2967 1962 3015 affectus
1986 2969 2050 3016 est
2074 2970 2225 3016 omnis
2246 2984 2359 3016 con-

362 3034 494 3082 flator
514 3049 541 3084 a
565 3033 758 3098 sculptili
784 3056 798 3090 ;
833 3035 884 3083 ὅτ
907 3034 1015 3099 quia
1033 3034 1078 3080 in
1099 3034 1186 3081 illis
1203 3051 1311 3099 quae
1333 3051 1391 3084 ex
1415 3033 1601 3098 propria
1620 3035 1920 3098 intelligentia
1944 3036 2267 3092 excluduntur,
2286 3035 2358 3101 rii-2

355 3099 423 3149 hil
460 3099 572 3151 vitae
594 3100 836 3165 spiritualis
860 3100 989 3158 inest,
1026 3117 1132 3166 quae
1156 3103 1289 3150 unice
1313 3102 1376 3151 est
1401 3118 1425 3148 a
1454 3101 1678 3158 Domino,
1715 3103 1822 3149 ideo
1843 3119 2029 3166 quoque
2055 3101 2241 3159 dicitur,
2280 3119 2359 3149 ne-

355 3158 446 3232 que
467 3168 649 3236 spiritus
665 3169 714 3219 in
729 3169 811 3222 eis.
877 3167 1030 3235 Apud
1068 3167 1320 3218 Habakuk
1368 3166 1549 3232 “‚Qid
1571 3168 1740 3233 prodest
1761 3169 1973 3233 sculptile,
2027 3169 2135 3235 quia
2177 3169 2376 3284 sculpsi&

486 3274 493 3281 .
917 3279 919 3281 ,
2249 3252 2261 3283 i
2300 3252 2324 3284 u
2374 3261 2378 3266 -
